<?xml version="1.0" encoding="UTF-8"?>
<!DOCTYPE html PUBLIC "-//W3C//DTD XHTML 1.0 Transitional//EN"
    "http://www.w3.org/TR/xhtml1/DTD/xhtml1-transitional.dtd">
<html xmlns="http://www.w3.org/1999/xhtml" xml:lang="en" lang="en">
 <head>
  <title>
</title>
<meta http-equiv="Content-Type" content="text/html;charset=utf-8" />
  <meta name='ocr-system' content='tesseract 3.04.00' />
  <meta name='ocr-capabilities' content='ocr_page ocr_carea ocr_par ocr_line ocrx_word'/>
</head>
<body>
  <div class='ocr_page' id='page_1' title='image "./alexandricuning00cunngoog_0111.png"; bbox 0 0 2743 4378; ppageno 0'>
   <div class='ocr_carea' id='block_1_1' title="bbox 731 366 2533 1546">
    <p class='ocr_par' dir='ltr' id='par_1_1' title="bbox 749 366 2151 450">
     <span class='ocr_line' id='line_1_1' title="bbox 749 366 2151 450; baseline -0.006 -2"><span class='ocrx_word' id='word_1_1' title='bbox 749 388 888 450; x_wconf 75' lang='lat'><strong>100</strong></span> <span class='ocrx_word' id='word_1_2' title='bbox 1080 366 1946 443; x_wconf 85' lang='lat' dir='ltr'><strong>ANIMADVERS.</strong></span> <span class='ocrx_word' id='word_1_3' title='bbox 2011 366 2151 440; x_wconf 89' lang='lat' dir='ltr'><strong>IN</strong></span> 
     </span>
    </p>

    <p class='ocr_par' dir='ltr' id='par_1_2' title="bbox 731 483 2533 1459">
     <span class='ocr_line' id='line_1_2' title="bbox 744 483 2523 593; baseline -0.001 -27"><span class='ocrx_word' id='word_1_4' title='bbox 744 518 945 593; x_wconf 90' lang='lat' dir='ltr'><strong>quam</strong></span> <span class='ocrx_word' id='word_1_5' title='bbox 979 493 1063 565; x_wconf 88' lang='lat' dir='ltr'><strong>ad</strong></span> <span class='ocrx_word' id='word_1_6' title='bbox 1096 495 1274 568; x_wconf 88' lang='lat' dir='ltr'><strong>hanc</strong></span> <span class='ocrx_word' id='word_1_7' title='bbox 1309 517 1458 567; x_wconf 89' lang='lat' dir='ltr'><strong>rem</strong></span> <span class='ocrx_word' id='word_1_8' title='bbox 1490 496 1563 566; x_wconf 90' lang='lat' dir='ltr'><strong>in</strong></span> <span class='ocrx_word' id='word_1_9' title='bbox 1578 496 1813 592; x_wconf 87' lang='lat' dir='ltr'><strong>primis</strong></span> <span class='ocrx_word' id='word_1_10' title='bbox 1858 496 2228 592; x_wconf 82' lang='lat' dir='ltr'><strong>pertineret</strong></span> <span class='ocrx_word' id='word_1_11' title='bbox 2244 525 2270 580; x_wconf 77' lang='lat'>3</span> <span class='ocrx_word' id='word_1_12' title='bbox 2325 483 2523 591; x_wconf 82' lang='lat' dir='ltr'><strong>quod</strong></span> 
     </span>
     <span class='ocr_line' id='line_1_3' title="bbox 741 589 2523 688; baseline -0.002 -24"><span class='ocrx_word' id='word_1_13' title='bbox 741 590 920 688; x_wconf 89' lang='lat' dir='ltr'><strong>apud</strong></span> <span class='ocrx_word' id='word_1_14' title='bbox 954 589 1367 662; x_wconf 87' lang='lat' dir='ltr'><strong>Ciceronem</strong></span> <span class='ocrx_word' id='word_1_15' title='bbox 1415 589 1491 662; x_wconf 84' lang='lat'>&amp;</span> <span class='ocrx_word' id='word_1_16' title='bbox 1532 590 1905 666; x_wconf 87' lang='lat' dir='ltr'><strong>nonnullos</strong></span> <span class='ocrx_word' id='word_1_17' title='bbox 1953 591 2126 666; x_wconf 85' lang='lat' dir='ltr'><strong>alios</strong></span> <span class='ocrx_word' id='word_1_18' title='bbox 2162 590 2523 665; x_wconf 54' lang='lat' dir='ltr'><strong>&#39;Auitores</strong></span> 
     </span>
     <span class='ocr_line' id='line_1_4' title="bbox 741 685 2522 784; baseline -0.001 -25"><span class='ocrx_word' id='word_1_19' title='bbox 741 690 918 759; x_wconf 86' lang='lat' dir='ltr'><strong>inter</strong></span> <span class='ocrx_word' id='word_1_20' title='bbox 948 685 1515 784; x_wconf 81' lang='lat' dir='ltr'><strong>praepositionem</strong></span> <span class='ocrx_word' id='word_1_21' title='bbox 1538 708 1656 780; x_wconf 91' lang='lat' dir='ltr'><strong>per</strong></span> <span class='ocrx_word' id='word_1_22' title='bbox 1683 686 1980 776; x_wconf 81' lang='lat' dir='ltr'><strong>&amp;suum</strong></span> <span class='ocrx_word' id='word_1_23' title='bbox 1998 686 2286 762; x_wconf 87' lang='lat' dir='ltr'><strong>verbum</strong></span> <span class='ocrx_word' id='word_1_24' title='bbox 2304 688 2522 772; x_wconf 87' lang='lat' dir='ltr'><strong>etiam</strong></span> 
     </span>
     <span class='ocr_line' id='line_1_5' title="bbox 740 782 2527 883; baseline -0.001 -28"><span class='ocrx_word' id='word_1_25' title='bbox 740 785 813 855; x_wconf 88' lang='lat' dir='ltr'><strong>in</strong></span> <span class='ocrx_word' id='word_1_26' title='bbox 853 784 1165 856; x_wconf 88' lang='lat' dir='ltr'><strong>oratione</strong></span> <span class='ocrx_word' id='word_1_27' title='bbox 1213 784 1512 855; x_wconf 82' lang='lat' dir='ltr'><strong>numeris</strong></span> <span class='ocrx_word' id='word_1_28' title='bbox 1571 782 1785 854; x_wconf 88' lang='lat' dir='ltr'><strong>soluta</strong></span> <span class='ocrx_word' id='word_1_29' title='bbox 1831 785 2157 883; x_wconf 81' lang='lat' dir='ltr'><strong>quaedam</strong></span> <span class='ocrx_word' id='word_1_30' title='bbox 2208 785 2527 880; x_wconf 69' lang='lat' dir='ltr'><strong>interpo«</strong></span> 
     </span>
     <span class='ocr_line' id='line_1_6' title="bbox 743 879 2522 978; baseline -0.001 -26"><span class='ocrx_word' id='word_1_31' title='bbox 743 900 1002 952; x_wconf 86' lang='lat' dir='ltr'><strong>nuntur</strong></span> <span class='ocrx_word' id='word_1_32' title='bbox 1039 905 1056 950; x_wconf 90' lang='lat'>:</span> <span class='ocrx_word' id='word_1_33' title='bbox 1109 903 1195 951; x_wconf 86' lang='lat' dir='ltr'><strong>ex</strong></span> <span class='ocrx_word' id='word_1_34' title='bbox 1236 903 1378 976; x_wconf 88' lang='lat' dir='ltr'><strong>quo</strong></span> <span class='ocrx_word' id='word_1_35' title='bbox 1424 879 1836 977; x_wconf 82' lang='lat' dir='ltr'><strong>intelligitur</strong></span> <span class='ocrx_word' id='word_1_36' title='bbox 1867 932 1893 972; x_wconf 83' lang='lat'>‚</span> <span class='ocrx_word' id='word_1_37' title='bbox 1946 879 2522 978; x_wconf 71' lang='lat' dir='ltr'><strong>praepositionem</strong></span> 
     </span>
     <span class='ocr_line' id='line_1_7' title="bbox 731 975 2531 1074; baseline 0 -27"><span class='ocrx_word' id='word_1_38' title='bbox 731 999 853 1071; x_wconf 88' lang='lat' dir='ltr'><strong>per</strong></span> <span class='ocrx_word' id='word_1_39' title='bbox 881 979 953 1049; x_wconf 90' lang='lat' dir='ltr'><strong>in</strong></span> <span class='ocrx_word' id='word_1_40' title='bbox 974 978 1359 1071; x_wconf 86' lang='lat' dir='ltr'><strong>perlucidior</strong></span> <span class='ocrx_word' id='word_1_41' title='bbox 1386 1000 1427 1047; x_wconf 88' lang='lat' dir='ltr'><strong>a</strong></span> <span class='ocrx_word' id='word_1_42' title='bbox 1458 978 1729 1048; x_wconf 84' lang='lat' dir='ltr'><strong>lucidior</strong></span> <span class='ocrx_word' id='word_1_43' title='bbox 1760 975 2126 1074; x_wconf 87' lang='lat' dir='ltr'><strong>separatam</strong></span> <span class='ocrx_word' id='word_1_44' title='bbox 2210 1000 2288 1047; x_wconf 93' lang='lat' dir='ltr'><strong>ro</strong></span> <span class='ocrx_word' id='word_1_45' title='bbox 2306 975 2531 1049; x_wconf 88' lang='lat' dir='ltr'><strong>verbo·</strong></span> 
     </span>
     <span class='ocr_line' id='line_1_8' title="bbox 746 1071 2517 1172; baseline -0.001 -28"><span class='ocrx_word' id='word_1_46' title='bbox 746 1074 1022 1172; x_wconf 87' lang='lat' dir='ltr'><strong>integro</strong></span> <span class='ocrx_word' id='word_1_47' title='bbox 1067 1072 1302 1145; x_wconf 87' lang='lat' dir='ltr'><strong>haberi</strong></span> <span class='ocrx_word' id='word_1_48' title='bbox 1336 1071 1562 1170; x_wconf 62' lang='lat' dir='ltr'><strong>{poste</strong></span> <span class='ocrx_word' id='word_1_49' title='bbox 1662 1072 1797 1144; x_wconf 88' lang='lat' dir='ltr'><strong>Sed</strong></span> <span class='ocrx_word' id='word_1_50' title='bbox 1845 1092 1964 1145; x_wconf 87' lang='lat' dir='ltr'><strong>tua</strong></span> <span class='ocrx_word' id='word_1_51' title='bbox 2013 1099 2142 1172; x_wconf 84' lang='lat' dir='ltr'><strong>pro</strong></span> <span class='ocrx_word' id='word_1_52' title='bbox 2168 1095 2517 1170; x_wconf 87' lang='lat' dir='ltr'><strong>equamur.</strong></span> 
     </span>
     <span class='ocr_line' id='line_1_9' title="bbox 746 1169 2533 1267; baseline -0.004 -21"><span class='ocrx_word' id='word_1_53' title='bbox 746 1175 836 1246; x_wconf 88' lang='lat' dir='ltr'><strong>Id</strong></span> <span class='ocrx_word' id='word_1_54' title='bbox 859 1173 1025 1264; x_wconf 78' lang='lat' dir='ltr'><strong>qaod</strong></span> <span class='ocrx_word' id='word_1_55' title='bbox 1037 1169 1297 1264; x_wconf 82' lang='lat' dir='ltr'><strong>frustra</strong></span> <span class='ocrx_word' id='word_1_56' title='bbox 1335 1221 1361 1261; x_wconf 82' lang='lat'>‚</span> <span class='ocrx_word' id='word_1_57' title='bbox 1414 1173 1627 1260; x_wconf 87' lang='lat' dir='ltr'><strong>opinor</strong></span> <span class='ocrx_word' id='word_1_58' title='bbox 1664 1227 1686 1258; x_wconf 86' lang='lat'><strong>‚</strong></span> <span class='ocrx_word' id='word_1_59' title='bbox 1735 1175 2101 1267; x_wconf 71' lang='lat' dir='ltr'><strong>expefiaffet</strong></span> <span class='ocrx_word' id='word_1_60' title='bbox 2133 1215 2158 1262; x_wconf 59' lang='lat'>5</span> <span class='ocrx_word' id='word_1_61' title='bbox 2192 1176 2258 1264; x_wconf 87' lang='lat' dir='ltr'><em>st</em></span> <span class='ocrx_word' id='word_1_62' title='bbox 2306 1174 2533 1242; x_wconf 75' lang='lat' dir='ltr'><strong>invita</strong></span> 
     </span>
     <span class='ocr_line' id='line_1_10' title="bbox 749 1265 2529 1362; baseline 0 -25"><span class='ocrx_word' id='word_1_63' title='bbox 749 1273 932 1359; x_wconf 86' lang='lat' dir='ltr'><strong>Lyra</strong></span> <span class='ocrx_word' id='word_1_64' title='bbox 966 1267 1049 1346; x_wconf 59' lang='grc' dir='ltr'><strong>ἐρ’</strong></span> <span class='ocrx_word' id='word_1_65' title='bbox 1084 1292 1202 1339; x_wconf 87' lang='lat' dir='ltr'><strong>non</strong></span> <span class='ocrx_word' id='word_1_66' title='bbox 1229 1272 1373 1359; x_wconf 86' lang='lat' dir='ltr'><strong>stne</strong></span> <span class='ocrx_word' id='word_1_67' title='bbox 1411 1269 1667 1338; x_wconf 85' lang='lat' dir='ltr'><strong>aurium</strong></span> <span class='ocrx_word' id='word_1_68' title='bbox 1707 1271 1965 1340; x_wconf 87' lang='lat' dir='ltr'><strong>v&#39;ulnere</strong></span> <span class='ocrx_word' id='word_1_69' title='bbox 2021 1267 2185 1341; x_wconf 84' lang='lat' dir='ltr'><strong>illud</strong></span> <span class='ocrx_word' id='word_1_70' title='bbox 2225 1265 2529 1362; x_wconf 85' lang='lat' dir='ltr'><strong>absonum</strong></span> 
     </span>
     <span class='ocr_line' id='line_1_11' title="bbox 749 1368 1177 1459; baseline -0.019 -17"><span class='ocrx_word' id='word_1_71' title='bbox 749 1368 1177 1459; x_wconf 75' lang='lat' dir='ltr'><strong>concinuiffl’t,</strong></span> 
     </span>
    </p>

    <p class='ocr_par' dir='ltr' id='par_1_3' title="bbox 769 1465 1963 1546">
     <span class='ocr_line' id='line_1_12' title="bbox 769 1465 1963 1546; baseline -0.004 -13"><span class='ocrx_word' id='word_1_72' title='bbox 769 1481 776 1494; x_wconf 84' lang='lat'><em>‘</em></span> <span class='ocrx_word' id='word_1_73' title='bbox 943 1484 1064 1533; x_wconf 87' lang='lat' dir='ltr'><strong>Non</strong></span> <span class='ocrx_word' id='word_1_74' title='bbox 1077 1471 1310 1530; x_wconf 78' lang='lat' dir='ltr'><strong>incendia</strong></span> <span class='ocrx_word' id='word_1_75' title='bbox 1326 1478 1437 1528; x_wconf 82' lang='lat' dir='ltr'><strong>Car</strong></span> <span class='ocrx_word' id='word_1_76' title='bbox 1476 1470 1494 1536; x_wconf 83' lang='grc'>1</span> <span class='ocrx_word' id='word_1_77' title='bbox 1530 1465 1753 1541; x_wconf 72' lang='lat' dir='ltr'><strong>rhaginis</strong></span> <span class='ocrx_word' id='word_1_78' title='bbox 1765 1468 1963 1546; x_wconf 76' lang='lat' dir='ltr'><strong>impiae.</strong></span> 
     </span>
    </p>
   </div>
   <div class='ocr_carea' id='block_1_2' title="bbox 755 1567 2533 1769">
    <p class='ocr_par' dir='ltr' id='par_1_4' title="bbox 755 1567 2533 1769">
     <span class='ocr_line' id='line_1_13' title="bbox 755 1567 2533 1672; baseline -0.006 -17"><span class='ocrx_word' id='word_1_79' title='bbox 755 1585 987 1655; x_wconf 85' lang='lat' dir='ltr'><strong>Nullis</strong></span> <span class='ocrx_word' id='word_1_80' title='bbox 1038 1585 1203 1652; x_wconf 87' lang='lat' dir='ltr'><strong>enim</strong></span> <span class='ocrx_word' id='word_1_81' title='bbox 1237 1579 1524 1672; x_wconf 79' lang='lat' dir='ltr'><strong>fidiculis</strong></span> <span class='ocrx_word' id='word_1_82' title='bbox 1555 1575 1781 1644; x_wconf 87' lang='lat' dir='ltr'><strong>divelli</strong></span> <span class='ocrx_word' id='word_1_83' title='bbox 1813 1567 2019 1670; x_wconf 72' lang='lat' dir='ltr'><strong>potest</strong></span> <span class='ocrx_word' id='word_1_84' title='bbox 2048 1627 2074 1667; x_wconf 83' lang='lat'>‚</span> <span class='ocrx_word' id='word_1_85' title='bbox 2140 1597 2214 1645; x_wconf 88' lang='lat' dir='ltr'><strong>ea</strong></span> <span class='ocrx_word' id='word_1_86' title='bbox 2232 1567 2481 1669; x_wconf 49' lang='lat' dir='ltr'><strong>syllaba</strong></span> <span class='ocrx_word' id='word_1_87' title='bbox 2501 1593 2533 1659; x_wconf 55' lang='grc' dir='ltr'><strong><em>ᾖ</em></strong></span> 
     </span>
     <span class='ocr_line' id='line_1_14' title="bbox 755 1671 2531 1769; baseline -0.003 -21"><span class='ocrx_word' id='word_1_88' title='bbox 755 1693 967 1769; x_wconf 82' lang='lat' dir='ltr'><strong>utpote</strong></span> <span class='ocrx_word' id='word_1_89' title='bbox 999 1701 1121 1747; x_wconf 83' lang='lat' dir='ltr'><strong>non</strong></span> <span class='ocrx_word' id='word_1_90' title='bbox 1151 1673 1529 1766; x_wconf 70' lang='lat' dir='ltr'><strong>extrinfi’cus</strong></span> <span class='ocrx_word' id='word_1_91' title='bbox 1559 1671 1834 1741; x_wconf 67' lang='lat' dir='ltr'><strong>adduHa</strong></span> <span class='ocrx_word' id='word_1_92' title='bbox 1867 1722 1893 1764; x_wconf 83' lang='lat'>‚</span> <span class='ocrx_word' id='word_1_93' title='bbox 1939 1672 2065 1765; x_wconf 74' lang='lat' dir='ltr'><strong>fid</strong></span> <span class='ocrx_word' id='word_1_94' title='bbox 2090 1672 2418 1742; x_wconf 81' lang='lat' dir='ltr'><strong>inhaerens</strong></span> <span class='ocrx_word' id='word_1_95' title='bbox 2450 1678 2531 1748; x_wconf 57' lang='lat' dir='ltr'><strong>&lt;ff</strong></span> 
     </span>
    </p>
   </div>
   <div class='ocr_carea' id='block_1_3' title="bbox 739 1765 2555 3611">
    <p class='ocr_par' dir='ltr' id='par_1_5' title="bbox 739 1765 2540 2447">
     <span class='ocr_line' id='line_1_15' title="bbox 756 1765 2531 1866; baseline -0.003 -23"><span class='ocrx_word' id='word_1_96' title='bbox 756 1776 946 1866; x_wconf 84' lang='lat' dir='ltr'><strong>insita</strong></span> <span class='ocrx_word' id='word_1_97' title='bbox 962 1794 987 1839; x_wconf 91' lang='grc'><strong>.·</strong></span> <span class='ocrx_word' id='word_1_98' title='bbox 1038 1770 1122 1850; x_wconf 70' lang='lat'><strong>[9²</strong></span> <span class='ocrx_word' id='word_1_99' title='bbox 1147 1771 1411 1862; x_wconf 84' lang='lat' dir='ltr'><strong>proinde</strong></span> <span class='ocrx_word' id='word_1_100' title='bbox 1444 1768 1538 1838; x_wconf 88' lang='lat' dir='ltr'><strong>ad</strong></span> <span class='ocrx_word' id='word_1_101' title='bbox 1552 1765 1822 1859; x_wconf 72' lang='lat' dir='ltr'><strong>&#39;pausam</strong></span> <span class='ocrx_word' id='word_1_102' title='bbox 1857 1766 2290 1863; x_wconf 82' lang='lat' dir='ltr'><strong>sustinendam</strong></span> <span class='ocrx_word' id='word_1_103' title='bbox 2317 1771 2531 1859; x_wconf 77' lang='lat' dir='ltr'><strong>inepta</strong></span> 
     </span>
     <span class='ocr_line' id='line_1_16' title="bbox 756 1863 2532 1960; baseline -0.003 -22"><span class='ocrx_word' id='word_1_104' title='bbox 756 1867 842 1949; x_wconf 58' lang='grc' dir='ltr'>ὅ</span> <span class='ocrx_word' id='word_1_105' title='bbox 857 1870 1051 1960; x_wconf 88' lang='lat' dir='ltr'><strong>plane</strong></span> <span class='ocrx_word' id='word_1_106' title='bbox 1082 1867 1403 1936; x_wconf 86' lang='lat' dir='ltr'><strong>inhabilis.</strong></span> <span class='ocrx_word' id='word_1_107' title='bbox 1499 1864 1761 1933; x_wconf 87' lang='lat' dir='ltr'><strong>Habeat</strong></span> <span class='ocrx_word' id='word_1_108' title='bbox 1796 1866 2009 1959; x_wconf 86' lang='lat' dir='ltr'><strong>itaque</strong></span> <span class='ocrx_word' id='word_1_109' title='bbox 2022 1863 2216 1955; x_wconf 72' lang='lat' dir='ltr'><strong>situm</strong></span> <span class='ocrx_word' id='word_1_110' title='bbox 2227 1865 2360 1955; x_wconf 90' lang='lat' dir='ltr'><strong>stbi</strong></span> <span class='ocrx_word' id='word_1_111' title='bbox 2373 1866 2532 1934; x_wconf 68' lang='lat' dir='ltr'><strong>Fal-v</strong></span> 
     </span>
     <span class='ocr_line' id='line_1_17' title="bbox 739 1955 2535 2063; baseline -0.002 -30"><span class='ocrx_word' id='word_1_112' title='bbox 739 1965 963 2063; x_wconf 72' lang='lat' dir='ltr'><strong>fiirius</strong></span> <span class='ocrx_word' id='word_1_113' title='bbox 990 2012 1016 2054; x_wconf 84' lang='lat'>‚</span> <span class='ocrx_word' id='word_1_114' title='bbox 1069 1961 1154 2041; x_wconf 56' lang='grc' dir='ltr'><em>δέ</em></span> <span class='ocrx_word' id='word_1_115' title='bbox 1190 1962 1485 2055; x_wconf 73' lang='lat' dir='ltr'><strong>historiae</strong></span> <span class='ocrx_word' id='word_1_116' title='bbox 1518 1959 1601 2039; x_wconf 69' lang='lat'><strong>&amp;⁷</strong></span> <span class='ocrx_word' id='word_1_117' title='bbox 1639 1963 1808 2030; x_wconf 88' lang='lat' dir='ltr'><strong>artis</strong></span> <span class='ocrx_word' id='word_1_118' title='bbox 1834 1960 2293 2057; x_wconf 78' lang='lat' dir='ltr'><strong>ignariffimus3</strong></span> <span class='ocrx_word' id='word_1_119' title='bbox 2320 1955 2535 2054; x_wconf 70' lang='lat' dir='ltr'><strong>&#39;neque</strong></span> 
     </span>
     <span class='ocr_line' id='line_1_18' title="bbox 756 2055 2533 2153; baseline -0.002 -23"><span class='ocrx_word' id='word_1_120' title='bbox 756 2059 1046 2152; x_wconf 70' lang='lat' dir='ltr'><strong>eandidis</strong></span> <span class='ocrx_word' id='word_1_121' title='bbox 1060 2057 1261 2145; x_wconf 87' lang='lat' dir='ltr'><strong>stellis</strong></span> <span class='ocrx_word' id='word_1_122' title='bbox 1291 2059 1608 2128; x_wconf 78' lang='lat' dir='ltr'><strong>maculam</strong></span> <span class='ocrx_word' id='word_1_123' title='bbox 1641 2055 1952 2153; x_wconf 81' lang='lat' dir='ltr'><strong>inspergat</strong></span> <span class='ocrx_word' id='word_1_124' title='bbox 1972 2082 1996 2127; x_wconf 90' lang='grc'><strong>.·</strong></span> <span class='ocrx_word' id='word_1_125' title='bbox 2044 2081 2222 2152; x_wconf 89' lang='lat' dir='ltr'><strong>quem</strong></span> <span class='ocrx_word' id='word_1_126' title='bbox 2233 2060 2300 2150; x_wconf 84' lang='lat' dir='ltr'><em>fi</em></span> <span class='ocrx_word' id='word_1_127' title='bbox 2332 2060 2533 2127; x_wconf 88' lang='lat' dir='ltr'><strong>omni-</strong></span> 
     </span>
     <span class='ocr_line' id='line_1_19' title="bbox 759 2152 2535 2252; baseline -0.003 -23"><span class='ocrx_word' id='word_1_128' title='bbox 759 2160 874 2230; x_wconf 82' lang='lat' dir='ltr'><strong>bus</strong></span> <span class='ocrx_word' id='word_1_129' title='bbox 907 2155 1190 2251; x_wconf 81' lang='lat' dir='ltr'><strong>vestigiis</strong></span> <span class='ocrx_word' id='word_1_130' title='bbox 1240 2153 1549 2252; x_wconf 84' lang='lat' dir='ltr'><strong>indagare</strong></span> <span class='ocrx_word' id='word_1_131' title='bbox 1597 2158 1675 2231; x_wconf 65' lang='grc' dir='ltr'><strong>ὠ·</strong></span> <span class='ocrx_word' id='word_1_132' title='bbox 1707 2155 2128 2247; x_wconf 83' lang='lat' dir='ltr'><strong>comprendere</strong></span> <span class='ocrx_word' id='word_1_133' title='bbox 2176 2157 2384 2225; x_wconf 89' lang='lat' dir='ltr'><strong>conati</strong></span> <span class='ocrx_word' id='word_1_134' title='bbox 2413 2152 2535 2249; x_wconf 72' lang='lat' dir='ltr'><strong>fic·</strong></span> 
     </span>
     <span class='ocr_line' id='line_1_20' title="bbox 762 2248 2540 2345; baseline -0.004 -17"><span class='ocrx_word' id='word_1_135' title='bbox 762 2276 901 2328; x_wconf 84' lang='lat' dir='ltr'><strong>mus</strong></span> <span class='ocrx_word' id='word_1_136' title='bbox 937 2282 961 2344; x_wconf 80' lang='lat'>3</span> <span class='ocrx_word' id='word_1_137' title='bbox 1009 2253 1294 2325; x_wconf 82' lang='lat' dir='ltr'><strong>eruditus</strong></span> <span class='ocrx_word' id='word_1_138' title='bbox 1341 2255 1574 2324; x_wconf 62' lang='lat' dir='ltr'><strong>Lefflr</strong></span> <span class='ocrx_word' id='word_1_139' title='bbox 1606 2251 1716 2320; x_wconf 88' lang='lat' dir='ltr'><strong>vel</strong></span> <span class='ocrx_word' id='word_1_140' title='bbox 1762 2252 1949 2343; x_wconf 77' lang='lat' dir='ltr'><strong>ipsius</strong></span> <span class='ocrx_word' id='word_1_141' title='bbox 1985 2253 2259 2323; x_wconf 82' lang='lat' dir='ltr'><strong>Horatii</strong></span> <span class='ocrx_word' id='word_1_142' title='bbox 2305 2248 2496 2345; x_wconf 85' lang='lat' dir='ltr'><strong>causa</strong></span> <span class='ocrx_word' id='word_1_143' title='bbox 2511 2301 2540 2343; x_wconf 89' lang='lat'>,</span> 
     </span>
     <span class='ocr_line' id='line_1_21' title="bbox 767 2344 2367 2447; baseline -0.006 -19"><span class='ocrx_word' id='word_1_144' title='bbox 767 2344 944 2447; x_wconf 69' lang='lat' dir='ltr'><strong>&#39;&#39;cujus</strong></span> <span class='ocrx_word' id='word_1_145' title='bbox 975 2373 1074 2422; x_wconf 88' lang='lat' dir='ltr'><strong>res</strong></span> <span class='ocrx_word' id='word_1_146' title='bbox 1104 2350 1204 2422; x_wconf 83' lang='lat' dir='ltr'><strong>hic</strong></span> <span class='ocrx_word' id='word_1_147' title='bbox 1232 2352 1449 2444; x_wconf 81' lang='lat' dir='ltr'><strong>agitur</strong></span> <span class='ocrx_word' id='word_1_148' title='bbox 1463 2399 1489 2441; x_wconf 83' lang='lat'>‚</span> <span class='ocrx_word' id='word_1_149' title='bbox 1540 2350 1709 2417; x_wconf 83' lang='lat' dir='ltr'><strong>votis</strong></span> <span class='ocrx_word' id='word_1_150' title='bbox 1727 2350 1860 2440; x_wconf 80' lang='lat' dir='ltr'><strong>suis</strong></span> <span class='ocrx_word' id='word_1_151' title='bbox 1871 2347 2157 2442; x_wconf 77' lang='lat' dir='ltr'><strong>favebit.</strong></span> <span class='ocrx_word' id='word_1_152' title='bbox 2364 2430 2367 2435; x_wconf 76' lang='lat'><em>.</em></span> 
     </span>
    </p>

    <p class='ocr_par' dir='ltr' id='par_1_6' title="bbox 765 2440 2555 3411">
     <span class='ocr_line' id='line_1_22' title="bbox 866 2440 2537 2544; baseline -0.002 -24"><span class='ocrx_word' id='word_1_153' title='bbox 866 2448 1019 2520; x_wconf 91' lang='lat' dir='ltr'><strong>Cur</strong></span> <span class='ocrx_word' id='word_1_154' title='bbox 1050 2446 1135 2517; x_wconf 93' lang='lat' dir='ltr'><strong>de</strong></span> <span class='ocrx_word' id='word_1_155' title='bbox 1171 2446 1318 2531; x_wconf 18' lang='lat' dir='ltr'><strong>hoc*</strong></span> <span class='ocrx_word' id='word_1_156' title='bbox 1358 2446 1641 2517; x_wconf 87' lang='lat' dir='ltr'><strong>invento</strong></span> <span class='ocrx_word' id='word_1_157' title='bbox 1691 2460 1831 2539; x_wconf 84' lang='lat' dir='ltr'><strong>tam</strong></span> <span class='ocrx_word' id='word_1_158' title='bbox 1881 2442 2248 2544; x_wconf 86' lang='lat' dir='ltr'><strong>magnifice</strong></span> <span class='ocrx_word' id='word_1_159' title='bbox 2280 2440 2537 2541; x_wconf 86' lang='lat' dir='ltr'><strong>glorie-</strong></span> 
     </span>
     <span class='ocr_line' id='line_1_23' title="bbox 765 2538 2540 2635; baseline -0.001 -20"><span class='ocrx_word' id='word_1_160' title='bbox 765 2547 901 2635; x_wconf 58' lang='grc' dir='ltr'><strong>τίς,</strong></span> <span class='ocrx_word' id='word_1_161' title='bbox 952 2539 1144 2613; x_wconf 89' lang='lat' dir='ltr'><strong>causa</strong></span> <span class='ocrx_word' id='word_1_162' title='bbox 1189 2564 1331 2611; x_wconf 88' lang='lat' dir='ltr'><strong>non</strong></span> <span class='ocrx_word' id='word_1_163' title='bbox 1382 2540 1481 2611; x_wconf 91' lang='lat' dir='ltr'><strong>est</strong></span> <span class='ocrx_word' id='word_1_164' title='bbox 1512 2573 1538 2625; x_wconf 78' lang='lat'>3</span> <span class='ocrx_word' id='word_1_165' title='bbox 1591 2538 1913 2634; x_wconf 88' lang='lat' dir='ltr'><strong>quoniam</strong></span> <span class='ocrx_word' id='word_1_166' title='bbox 1946 2538 2110 2613; x_wconf 85' lang='lat' dir='ltr'><strong>dum</strong></span> <span class='ocrx_word' id='word_1_167' title='bbox 2161 2540 2540 2614; x_wconf 88' lang='lat' dir='ltr'><strong>Horatium</strong></span> 
     </span>
     <span class='ocr_line' id='line_1_24' title="bbox 767 2633 2544 2732; baseline -0.002 -19"><span class='ocrx_word' id='word_1_168' title='bbox 767 2637 854 2713; x_wconf 89' lang='lat' dir='ltr'><strong>ab</strong></span> <span class='ocrx_word' id='word_1_169' title='bbox 889 2659 1115 2706; x_wconf 90' lang='lat' dir='ltr'><strong>errore</strong></span> <span class='ocrx_word' id='word_1_170' title='bbox 1145 2637 1515 2707; x_wconf 88' lang='lat' dir='ltr'><strong>memoriae</strong></span> <span class='ocrx_word' id='word_1_171' title='bbox 1546 2634 1620 2704; x_wconf 89' lang='lat'>&amp;</span> <span class='ocrx_word' id='word_1_172' title='bbox 1637 2636 1951 2706; x_wconf 87' lang='lat' dir='ltr'><strong>carminis</strong></span> <span class='ocrx_word' id='word_1_173' title='bbox 1984 2633 2404 2732; x_wconf 91' lang='lat' dir='ltr'><strong>Asclepiadei</strong></span> <span class='ocrx_word' id='word_1_174' title='bbox 2438 2661 2544 2709; x_wconf 88' lang='lat' dir='ltr'><strong>ar-</strong></span> 
     </span>
     <span class='ocr_line' id='line_1_25' title="bbox 767 2727 2542 2831; baseline -0.002 -22"><span class='ocrx_word' id='word_1_175' title='bbox 767 2732 973 2809; x_wconf 86' lang='lat' dir='ltr'><strong>tificii</strong></span> <span class='ocrx_word' id='word_1_176' title='bbox 1008 2732 1440 2831; x_wconf 90' lang='lat' dir='ltr'><strong>ignoratione</strong></span> <span class='ocrx_word' id='word_1_177' title='bbox 1487 2727 1827 2802; x_wconf 90' lang='lat' dir='ltr'><strong>absolvere</strong></span> <span class='ocrx_word' id='word_1_178' title='bbox 1876 2731 2094 2804; x_wconf 89' lang='lat' dir='ltr'><strong>studes</strong></span> <span class='ocrx_word' id='word_1_179' title='bbox 2133 2785 2157 2825; x_wconf 82' lang='lat'><strong>,</strong></span> <span class='ocrx_word' id='word_1_180' title='bbox 2206 2733 2270 2803; x_wconf 93' lang='lat' dir='ltr'><strong>ei</strong></span> <span class='ocrx_word' id='word_1_181' title='bbox 2295 2732 2542 2829; x_wconf 84' lang='lat' dir='ltr'><strong>judicii</strong></span> 
     </span>
     <span class='ocr_line' id='line_1_26' title="bbox 769 2827 2540 2926; baseline -0.002 -19"><span class='ocrx_word' id='word_1_182' title='bbox 769 2830 1076 2907; x_wconf 73' lang='lat' dir='ltr'><strong>errorem</strong></span> <span class='ocrx_word' id='word_1_183' title='bbox 1094 2880 1120 2920; x_wconf 83' lang='lat'>,</span> <span class='ocrx_word' id='word_1_184' title='bbox 1170 2828 1287 2924; x_wconf 91' lang='lat' dir='ltr'><strong>qui</strong></span> <span class='ocrx_word' id='word_1_185' title='bbox 1317 2827 1529 2925; x_wconf 88' lang='lat' dir='ltr'><strong>longe</strong></span> <span class='ocrx_word' id='word_1_186' title='bbox 1557 2827 1831 2925; x_wconf 79' lang='lat' dir='ltr'><strong>gravior</strong></span> <span class='ocrx_word' id='word_1_187' title='bbox 1845 2827 1983 2920; x_wconf 82' lang='lat' dir='ltr'><strong>est,</strong></span> <span class='ocrx_word' id='word_1_188' title='bbox 2034 2827 2409 2926; x_wconf 85' lang='lat' dir='ltr'><strong>turpiflime</strong></span> <span class='ocrx_word' id='word_1_189' title='bbox 2440 2829 2540 2902; x_wconf 89' lang='lat' dir='ltr'><strong>af-</strong></span> 
     </span>
     <span class='ocr_line' id='line_1_27' title="bbox 765 2921 2544 3030; baseline -0.002 -27"><span class='ocrx_word' id='word_1_190' title='bbox 765 2928 1002 3030; x_wconf 69' lang='lat' dir='ltr'><strong>fingis.</strong></span> <span class='ocrx_word' id='word_1_191' title='bbox 1098 2922 1294 3019; x_wconf 81' lang='lat' dir='ltr'><strong>Qid</strong></span> <span class='ocrx_word' id='word_1_192' title='bbox 1326 2925 1508 2996; x_wconf 87' lang='lat' dir='ltr'><strong>enim</strong></span> <span class='ocrx_word' id='word_1_193' title='bbox 1542 2922 1759 2996; x_wconf 64' lang='lat' dir='ltr'><strong>reetae</strong></span> <span class='ocrx_word' id='word_1_194' title='bbox 1788 2921 2119 2997; x_wconf 87' lang='lat' dir='ltr'><strong>scribendi</strong></span> <span class='ocrx_word' id='word_1_195' title='bbox 2136 2925 2382 2998; x_wconf 83' lang='lat' dir='ltr'><strong>rationi</strong></span> <span class='ocrx_word' id='word_1_196' title='bbox 2401 2952 2544 3000; x_wconf 91' lang='lat' dir='ltr'><strong>ma-</strong></span> 
     </span>
     <span class='ocr_line' id='line_1_28' title="bbox 776 3021 2547 3127; baseline -0.002 -29"><span class='ocrx_word' id='word_1_197' title='bbox 776 3029 882 3127; x_wconf 89' lang='lat' dir='ltr'><strong>gis</strong></span> <span class='ocrx_word' id='word_1_198' title='bbox 914 3040 1290 3124; x_wconf 83' lang='lat' dir='ltr'><strong>repugnat,</strong></span> <span class='ocrx_word' id='word_1_199' title='bbox 1341 3044 1545 3121; x_wconf 90' lang='lat' dir='ltr'><strong>quam</strong></span> <span class='ocrx_word' id='word_1_200' title='bbox 1575 3043 1737 3091; x_wconf 90' lang='lat' dir='ltr'><strong>eum</strong></span> <span class='ocrx_word' id='word_1_201' title='bbox 1767 3021 1987 3094; x_wconf 75' lang='lat' dir='ltr'><strong>Poe&#39;ta</strong></span> <span class='ocrx_word' id='word_1_202' title='bbox 2012 3024 2392 3095; x_wconf 86' lang='lat' dir='ltr'><strong>carminum</strong></span> <span class='ocrx_word' id='word_1_203' title='bbox 2408 3023 2547 3095; x_wconf 89' lang='lat' dir='ltr'><strong>vir-</strong></span> 
     </span>
     <span class='ocr_line' id='line_1_29' title="bbox 776 3117 2547 3196; baseline -0.001 -2"><span class='ocrx_word' id='word_1_204' title='bbox 776 3140 959 3194; x_wconf 84' lang='lat' dir='ltr'><strong>tutes</strong></span> <span class='ocrx_word' id='word_1_205' title='bbox 993 3120 1264 3196; x_wconf 83' lang='lat' dir='ltr'><strong>summis</strong></span> <span class='ocrx_word' id='word_1_206' title='bbox 1295 3117 1601 3192; x_wconf 91' lang='lat' dir='ltr'><strong>laudibus</strong></span> <span class='ocrx_word' id='word_1_207' title='bbox 1626 3117 1702 3188; x_wconf 92' lang='lat' dir='ltr'><strong>in</strong></span> <span class='ocrx_word' id='word_1_208' title='bbox 1731 3118 2004 3190; x_wconf 88' lang='lat' dir='ltr'><strong>coelum</strong></span> <span class='ocrx_word' id='word_1_209' title='bbox 2053 3117 2294 3191; x_wconf 85' lang='lat' dir='ltr'><strong>efferre</strong></span> <span class='ocrx_word' id='word_1_210' title='bbox 2342 3144 2547 3193; x_wconf 86' lang='lat' dir='ltr'><strong>cona·</strong></span> 
     </span>
     <span class='ocr_line' id='line_1_30' title="bbox 771 3214 2555 3316; baseline 0.001 -29"><span class='ocrx_word' id='word_1_211' title='bbox 771 3214 947 3309; x_wconf 73' lang='lat' dir='ltr'><strong>¹tur,</strong></span> <span class='ocrx_word' id='word_1_212' title='bbox 998 3218 1192 3289; x_wconf 84' lang='lat' dir='ltr'><strong>illum</strong></span> <span class='ocrx_word' id='word_1_213' title='bbox 1223 3216 1626 3316; x_wconf 80' lang='lat' dir='ltr'><strong>tam&#39;parce‚</strong></span> <span class='ocrx_word' id='word_1_214' title='bbox 1658 3230 1799 3299; x_wconf 80' lang='lat' dir='ltr'><strong>tam</strong></span> <span class='ocrx_word' id='word_1_215' title='bbox 1830 3217 2067 3314; x_wconf 90' lang='lat' dir='ltr'><strong>jejune</strong></span> <span class='ocrx_word' id='word_1_216' title='bbox 2094 3240 2200 3297; x_wconf 84' lang='lat' dir='ltr'><strong>eas</strong></span> <span class='ocrx_word' id='word_1_217' title='bbox 2231 3214 2555 3294; x_wconf 80' lang='lat' dir='ltr'><strong>laudare?</strong></span> 
     </span>
     <span class='ocr_line' id='line_1_31' title="bbox 765 3309 2371 3411; baseline 0.002 -27"><span class='ocrx_word' id='word_1_218' title='bbox 765 3329 868 3401; x_wconf 46' lang='lat' dir='ltr'><strong>‚ut</strong></span> <span class='ocrx_word' id='word_1_219' title='bbox 898 3312 1038 3386; x_wconf 88' lang='lat' dir='ltr'><strong>hoc</strong></span> <span class='ocrx_word' id='word_1_220' title='bbox 1068 3332 1284 3386; x_wconf 88' lang='lat' dir='ltr'><strong>unum</strong></span> <span class='ocrx_word' id='word_1_221' title='bbox 1315 3313 1406 3387; x_wconf 89' lang='lat' dir='ltr'><strong>de</strong></span> <span class='ocrx_word' id='word_1_222' title='bbox 1431 3313 1657 3411; x_wconf 89' lang='lat' dir='ltr'><strong>pretio</strong></span> <span class='ocrx_word' id='word_1_223' title='bbox 1685 3312 2065 3389; x_wconf 89' lang='lat' dir='ltr'><strong>carminum</strong></span> <span class='ocrx_word' id='word_1_224' title='bbox 2091 3309 2303 3389; x_wconf 67' lang='lat' dir='ltr'><strong>dicat,</strong></span> <span class='ocrx_word' id='word_1_225' title='bbox 2365 3392 2371 3398; x_wconf 65' lang='grc'><strong>,</strong></span> 
     </span>
    </p>

    <p class='ocr_par' dir='ltr' id='par_1_7' title="bbox 969 3422 2525 3611">
     <span class='ocr_line' id='line_1_32' title="bbox 1367 3422 2049 3501; baseline 0 -18"><span class='ocrx_word' id='word_1_226' title='bbox 1367 3432 1489 3483; x_wconf 79' lang='lat' dir='ltr'><strong>Non</strong></span> <span class='ocrx_word' id='word_1_227' title='bbox 1504 3422 1672 3481; x_wconf 84' lang='lat' dir='ltr'><strong>celeres</strong></span> <span class='ocrx_word' id='word_1_228' title='bbox 1680 3424 1840 3501; x_wconf 78' lang='lat' dir='ltr'><strong>fugae</strong></span> <span class='ocrx_word' id='word_1_229' title='bbox 1994 3488 2001 3495; x_wconf 55' lang='lat'>‚</span> <span class='ocrx_word' id='word_1_230' title='bbox 2042 3488 2049 3494; x_wconf 57' lang='grc'><em>,</em></span> 
     </span>
     <span class='ocr_line' id='line_1_33' title="bbox 969 3507 2525 3611; baseline 0.004 -34"><span class='ocrx_word' id='word_1_231' title='bbox 969 3513 1287 3599; x_wconf 54' lang='lat' dir='ltr'><strong>&amp;sellaeque</strong></span> <span class='ocrx_word' id='word_1_232' title='bbox 1300 3516 1577 3599; x_wconf 62' lang='lat' dir='ltr'><strong>retrorsum}</strong></span> <span class='ocrx_word' id='word_1_233' title='bbox 1590 3507 1898 3583; x_wconf 71' lang='lat' dir='ltr'><strong>Hannibalis</strong></span> <span class='ocrx_word' id='word_1_234' title='bbox 1910 3519 2109 3611; x_wconf 51' lang='lat' dir='ltr'><strong>minan</strong></span> <span class='ocrx_word' id='word_1_235' title='bbox 2386 3534 2401 3555; x_wconf 49' lang='lat'><strong>’⁴</strong></span> <span class='ocrx_word' id='word_1_236' title='bbox 2514 3559 2525 3564; x_wconf 89' lang='lat'><strong>·</strong></span> 
     </span>
    </p>
   </div>
  </div>
 </body>
</html>
