2743 4378
503 398 971 496 flotam.
1008 380 1469 480 BENTL.
1502 402 1702 516 cn.
1742 404 1843 481 x.
1950 411 2093 513 ης

321 533 1212 638 ffibinte11iguntur‚attente
1229 535 1489 636 legenti
1522 535 1836 626 offerant.
1857 536 2092 624 Idem·

329 635 467 741 que
499 634 586 706 de
616 636 736 709 illo
773 636 1124 722 Serm.‘II.
1158 633 1326 723 Lib.
1363 636 1513 707 Lv.
1548 643 1667 730 46.
1694 634 2090 723 dicendum.

343 745 369 765 ⁶
520 749 849 801 Demeterent
865 742 1011 817 ferro
1027 784 1045 814 ,
1065 739 1186 822 jure
1211 759 1403 805 omnes.
1439 740 1611 799 Galba
1639 742 1903 819 negabat.

331 828 458 904 nbi
484 832 570 923 ad
598 821 891 922 verbum
922 854 1124 919 omnes
1155 830 1326 920 haec
1344 833 1477 920 tria
1500 833 1921 931 jureconfidti
1931 835 2091 931 fac,

331 937 475 1018 tum
508 933 766 1019 aiebant
782 925 1303 1024 subaudiuntur:
1326 950 1548 1024 neque
1573 930 1691 1001 hic
1722 928 2096 1017 obscurita-

335 1027 668 1126 tis‘culpa
702 1026 1006 1110 Horatio
1036 1023 1475 1122 importanda
1503 1022 1642 1111 est3
1696 1050 1857 1112 cum
1891 1028 2101 1114 verba

335 1119 809 1211 subintellecta
834 1120 1077 1205 lectori
1105 1143 1250 1191 non
1292 1117 1491 1205 valde
1520 1120 1612 1191 im
1666 1123 1841 1194 erito
1872 1123 2101 1208 statim

338 1213 415 1291 in
441 1237 752 1306 mentem
783 1218 1083 1302 veniant.
1174 1218 1279 1290 Et
1312 1214 1599 1301 dubitan
1647 1242 1768 1289 um
1801 1242 1947 1290 non
1975 1218 2101 1313 est,

341 1317 517 1412 ‘quin
549 1315 901 1404 Romani,
950 1336 1111 1385 cum
1152 1312 1284 1383 hos
1334 1311 1559 1398 versus
1592 1313 1940 1410 legerent,
1983 1338 2103 1408 ea,

345 1433 523 1508 quae
551 1407 776 1492 verbis
811 1407 1111 1506 expressa
1151 1432 1296 1480 non
1343 1407 1592 1499 efflent,
1642 1407 2108 1494 antecedenti-

339 1507 469 1580 bus
503 1506 581 1579 &
619 1502 1184 1604 consequentibus
1228 1503 1599 1603 utrobique
1650 1506 1860 1591 tacite
1906 1505 2108 1591 inesse

340 1600 861 1704 perspexerint.·'
1500 1611 1503 1646 :
2018 1631 2023 1636 ’

335 1708 352 1726 ·“
439 1700 649 1775 Aliud
667 1701 788 1774 hic
800 1717 1279 1805 argumentum
1296 1752 1321 1792 ,
1343 1698 1528 1799 quod
1549 1699 2106 1786 emendationem

342 1798 523 1891 hanc
544 1799 792 1872 acriter
818 1799 1227 1898 impugnare
1252 1798 1526 1880 videtur
1544 1851 1569 1891 ‚
1610 1798 2104 1897 occupandum
2179 1869 2184 1874 ,

344 1893 442 1988 'est
460 1894 1127 1995 &expugnandum3
1179 1892 1278 1977 est
1306 1914 1539 1978 autem
1572 1896 1729 1969 tale.
1798 1896 2103 1970 Correcv

345 1992 454 2080 tio
482 1993 652 2084 haec
687 1991 978 2066 verbum
1010 1993 1272 2063 dimidio
1300 1992 1377 2071 in
1407 1993 1550 2070 dein
1580 1992 1914 2074 mutando
1947 2044 1975 2088 2
1999 1990 2104 2075 r&
2194 1998 2203 2010 '

359 2086 519 2178 post
544 2104 799 2176 tantum
828 2084 1118 2159 verbum
1150 2086 1358 2177 major
1390 2084 1727 2178 addendo,
1744 2088 2101 2170 inversum

358 2184 682 2254 numeros
728 2184 823 2254 ita
876 2177 1175 2253 insuaves
1211 2179 1481 2253 inducit
1528 2232 1555 2274 ‚
1628 2200 1711 2263 ut
1772 2200 1913 2263 tam
1959 2208 2129 2267 mar

355 2276 427 2350 le
463 2277 886 2375 compositus
915 2275 1097 2377 'apud
1114 2277 1495 2348 Horatium
1527 2275 1855 2374 nusquam
1873 2296 2105 2371 extet:

355 2392 533 2472 quae
563 2372 1066 2463 inconcinnitas
1102 2396 1189 2443 ex
1222 2394 1306 2447 eo
1336 2369 1670 2464 nascituro,
1721 2373 1907 2469 quod
1940 2372 2109 2457 haec

349 2470 650 2542 mutatio
670 2471 744 2562 &z
761 2466 1022 2557 additio
1049 2465 1313 2554 versum
1345 2468 1536 2540 omni
1577 2465 1838 2541 caesura
1867 2468 2109 2568 exspo-

344 2565 540 2640 liant.
590 2567 794 2640 Haec
830 2564 1048 2665 igitur
1073 2563 1464 2652 emendatio
1497 2561 1637 2637 fine
1665 2564 1802 2639 ulla
1834 2564 2106 2640 dubita-

341 2665 539 2736 tione
557 2658 1008 2763 improbanda
1020 2659 1139 2749 est.
1191 2660 1467 2747 Verum
1481 2660 1683 2761 hujus
1713 2666 2106 2763 argumenti

337 2761 521 2832 *vires
552 2757 882 2846 e‘usmodi
931 2783 1074 2845 non
1102 2754 1256 2845 sunt
1284 2811 1311 2853 ‚
1378 2776 1458 2845 ut
1499 2780 2108 2856 argumentorum,

344 2879 520 2952 quae
547 2786 742 2956 fillpra
774 2853 1031 2943 adduxi
1081 2852 1167 2934 ad
1216 2852 1766 2941 emendationem
1818 2855 2103 2929 firman·

344 2953 506 3024 dam
526 2953 967 3043 ,&alterius.,
1018 2948 1204 3046 quod
1239 2975 1278 3023 e
1310 2949 1603 3034 Phaedri
1631 2949 1906 3035 Fabulis
1937 2976 2109 3035 mox

346 3046 683 3139 adducam
701 3101 725 3141 ,
758 3049 934 3120 vires
952 3046 1357 3136 labefactare
1370 3045 1684 3119 valeant:
1738 3049 2105 3144 argumen-

347 3163 424 3236 ta
451 3145 636 3215 enim
659 3201 682 3235 ‚
732 3166 902 3242 quae
934 3143 1432 3217 correctionem
1472 3138 1842 3227 sustentant
1875 3201 1898 3235 ,
1951 3145 2110 3234 talia

349 3237 546 3330 sunt,
596 3260 676 3312 ut
710 3241 797 3312 de
824 3242 969 3312 e’us
998 3242 1287 3313 veritate
1317 3235 1616 3325 dubitari
1659 3263 1803 3312 non
1843 3239 2109 3330 debeat.

350 3333 626 3428 Deinde
645 3333 695 3408 fi
714 3361 833 3409 ver
859 3361 976 3409 um
997 3389 1023 3430 ‚
1071 3356 1151 3409 ut
1194 3334 1565 3426 sententia,
1612 3334 1686 3408 id
1713 3333 1813 3408 est
1830 3387 1855 3427 ,
1900 3358 1982 3412 ut
1996 3339 2105 3426 in-

345 3433 726 3529 terrogatio
742 3431 815 3506 ὅ(
833 3431 1175 3532 responfio
1192 3430 1901 3534 postuiant,legemus,
1916 3456 2108 3508 aures

337 3553 590 3655 parum
608 3526 1064 3621 offendentur.
1131 3529 1534 3701 Postrlelmo,
1582 3546 1748 3606 cum
1783 3534 2108 3609 nume-ro-

1445 3648 1497 3721 4
1954 3642 2109 3695 rum
