2743 4378
294 412 763 489 HORAT.
813 404 1260 505 BENTL.
1313 403 1508 479 CA».
1542 404 1720 490 XL
1791 424 1943 505 1235.

142 534 456 631 sequentes
487 538 783 621 editiones
827 536 1080 607 venerit
1119 579 1142 617 ,
1188 555 1334 611 cum
1371 528 1740 623 vetustiores
1782 551 1919 598 om-

159 658 258 704 nes
279 684 304 724 ,
356 634 439 713 &³
475 634 701 705 codices
730 656 877 727 quos
909 631 1186 701 viderim
1218 631 1498 720 universi
1515 675 1544 716 ‚
1589 629 1718 706 alio
1738 625 1913 697 ordi-

154 753 223 800 ne
240 728 619 824 praeferant
633 780 659 822 ‚

748 850 808 893 at
821 830 993 907 benesi
1001 830 1116 909 quis
1129 872 1151 900 ,

348 932 419 981 Et
435 926 597 985 vivat
613 927 763 1001 puris
778 922 1041 984 manibus.

155 1014 470 1088 Mutavit
503 1023 734 1115 aliquis
750 1072 775 1112 ,
827 1024 939 1115 qui
970 1020 1253 1089 Horatio
1283 1019 1512 1088 nitoris
1545 1018 1625 1093 ά·
1661 1033 1919 1090 ornatus

146 1108 497 1203 plusoulum
528 1117 603 1186 de
631 1116 738 1203 suo
768 1120 997 1211 largiri
1029 1117 1238 1185 voluit
1256 1145 1282 1198 3
1331 1135 1451 1205 quo
1499 1125 1711 1182 tamen
1765 1114 1914 1188 Ser-

149 1229 398 1297 mones,
447 1227 663 1301 utpote
692 1217 1005 1303 fimplices
1050 1210 1432 1297 munditiis,
1455 1205 1667 1300 facile,
1711 1231 1921 1284 carere
1998 1260 2003 1263 ·

138 1302 399 1393 poffunt
416 1354 443 1394 ,
494 1312 574 1383 (θ’
587 1313 728 1399 fine
760 1333 825 1378 eo
848 1310 1114 1397 placere.

252 1396 437 1469 Item
469 1402 685 1472 Serm.
721 1402 779 1473 Ι.
807 1402 944 1473 VI.
976 1427 1043 1471 v.
1079 1423 1198 1496 47.

366 1515 526 1566 Nunc
547 1509 805 1587 quiafiem
819 1510 918 1568 tibi
930 1548 948 1577 ‚
982 1518 1257 1567 Maecenas
1276 1548 1294 1575 ,

153 1595 312 1671 Ubi
351 1592 445 1666 fic
478 1599 570 1671 ais
585 1649 610 1691 ‚
664 1602 844 1701 ,Quis
863 1603 1115 1693 primus
1141 1613 1368 1670 contra
1396 1608 1686 1666 veterum
1715 1616 1926 1664 exem-

141 1697 432 1787 plarium
467 1697 672 1789 fidem
722 1694 1099 1769 verborum
1146 1694 1461 1781 ordinem
1521 1695 1878 1778 mutaverit
1892 1740 1923 1781 ‚

154 1791 386 1881 nescio;
421 1791 549 1883 fid
579 1795 693 1885 id,
740 1811 818 1865 ut
849 1799 1104 1886 opinor,
1153 1790 1341 1883 affts
1374 1789 1501 1882 est,
1552 1810 1669 1879 quo
1700 1785 1922 1880 verstcs

153 1892 527 1980 numerosior
559 1892 882 1963 evaderet.
969 1893 1118 1962 Nos
1149 1914 1301 1964 vero
1334 1938 1360 1977 ‚
1413 1900 1552 1966 tam
1567 1883 1938 1977 fastidiosis·

151 1988 414 2055 auribus
452 1990 682 2059 valere.
703 1987 889 2082 juffls
924 2037 949 2077 ,
998 1984 1137 2078 ipsa
1174 1986 1586 2077 stmplicitate
1628 1985 1933 2072 compqfir

153 2085 345 2153 tionis
378 2086 662 2172 capimur
682 2107 705 2151 .·
758 2086 985 2174 Neque
1021 2104 1174 2151 vero
1221 2081 1473 2158 numeri,
1503 2078 1764 2146 viliores
1814 2077 1922 2146 hic

133 2176 344 2269 fient,
395 2177 793 2271 quamsaepe
823 2180 988 2249 alias
1035 2180 1105 2257 in
1149 2174 1248 2247 his
1298 2170 1751 2247 sermonibus..
1818 2172 1940 2245 At:

153 2271 341 2344 alibi.
375 2271 542 2342 huic
590 2271 942 2346 doetrinae
987 2294 1236 2368 parum
1298 2265 1786 2339 convenienter
1851 2285 1924 2336 te

155 2366 456 2452 scribere
488 2365 954 2445 animadverti.
1053 2369 1271 2441 Serm.,
1299 2362 1464 2439 Lib.
1502 2361 1559 2430 I.
1580 2359 1638 2428 Ι.
1672 2384 1739 2430 v.
1761 2357 1877 2453 83.

352 2476 567 2553 suscitet
583 2520 601 2548 ,
640 2497 701 2535 ac
721 2476 922 2537 reddat
929 2476 1115 2552 gnatis
1130 2473 1352 2552 carisque
1355 2468 1648 2549 propinquis
1667 2466 1693 2526 ?
1719 2516 1722 2519 ,

151 2574 357 2668 Ubi,
410 2574 502 2646 ais
521 2625 548 2665 ‚
599 2578 759 2646 resti
762 2597 831 2644 us
864 2573 1104 2644 habent
1134 2574 1257 2642 alii
1292 2571 1561 2658 codices,
1612 2563 1884 2659 Suscitet
1900 2590 1945 2655 ‚*

158 2698 234 2745 ac
262 2672 490 2772 gnatis
527 2669 769 2743 reddat
784 2696 807 2740 .·
858 2692 1018 2760 quae
1048 2669 1386 2740 verborum
1400 2717 1427 2757 ‚
1477 2663 1701 2762 inquis
1724 2719 1748 2754 ,
1797 2666 1939 2735 col-·

160 2773 390 2841 locatio
423 2769 507 2849 ξεῖ*
539 2770 781 2840 dulcior
814 2771 894 2842 ὠ·
931 2768 1269 2857 elegantior
1300 2764 1437 2855 est.·
1740 2812 1745 2816 -
1926 2798 1931 2801 -

256 2866 359 2937 Et
393 2865 542 2963 quis
580 2866 762 2938 hanc
796 2859 1166 2934 verborum
1204 2857 1738 2931 collocationem
1757 2855 1933 2925 mul--

159 2979 236 3032 ta
269 2987 409 3034 cum
439 2963 625 3033 laude
660 3012 687 3051 ‚
739 2968 946 3056 quam'
980 2956 1245 3054 aliquot
1301 2953 1577 3027 codices
1626 2949 1929 3047 habent,

163 3056 657 3157 elegantiorem
684 3057 818 3127 esse
852 3071 1138 3151 propter
1179 3047 1758 3148 praepositionem
1788 3068 1931 3117 cum

161 3154 344 3226 inter
371 3177 630 3231 nomen
659 3148 1151 3226 'substantivum
1169 3149 1255 3220 ⁴&c
1283 3145 1480 3218 suum
1526 3137 1924 3234 adjunfmm

163 3249 638 3344 interpositam
653 3301 681 3341 ‚
733 3273 940 3347 quam
989 3244 1091 3317 est
1135 3243 1251 3315 illa
1294 3267 1438 3315 cum
1484 3241 1692 3313 multa
1739 3238 1928 3309 laude

164 3369 332 3420 non·
345 3347 674 3442 pereipiat
691 3344 733 3418 ἓ
770 3343 917 3442 quis‘
948 3365 1101 3415 eam
1134 3362 1413 3439 quoque
1442 3335 1651 3409 altera
1662 3329 1930 3411 dulcim-

164 3465 319 3514 rem>
348 3441 483 3533 effe
509 3440 602 3512 ob
618 3439 953 3514 caesuram
967 3436 1124 3536 post
1139 3438 1421 3521 tertium
1435 3432 1710 3532 pedem,
1722 3454 1934 3527 quam

168 3538 381 3614 altera
430 3562 577 3612 non
628 3537 833 3612 habet
863 3591 891 3633 ,
954 3559 1104 3702 noxi
1164 3532 1427 3609 sentiat.
1525 3531 1710 3605 Item
1754 3548 1936 3634 ‘cum

1151 3654 1203 3726 4
1752 3639 1937 3688 mor·
1970 3694 1978 3699 ,
