2743 4378
744 364 881 459 με
1071 351 2141 431 ANIMADVERS..1N

741 481 1377 579 pronuntiationem
1413 497 1833 571 remoratur,
1887 480 1962 551 δε
2002 479 2100 549 ita
2130 477 2349 573 aptius
2379 499 2508 550 ex—

731 580 1055 674 primitur
1102 574 1370 673 pondus
1416 572 1873 669 spondeorum
1909 627 1936 667 ‚
2020 598 2317 683 quorum
2367 574 2511 646 fre-

731 677 1084 769 quentiam
1115 676 1187 744 in
1219 693 1535 744 veterum
1571 673 1947 743 Poetarum
1978 673 2303 742 trimetris
2343 673 2507 742 Ho-

731 772 936 841 ratius
988 770 1128 842 hoc
1177 770 1342 841 loco
1392 767 1691 839 damnat.
1781 769 1942 861 Jam
1996 764 2047 837 fi
2093 792 2233 838 cum
2285 792 2509 863 magno

722 870 997 962 pondere
1035 866 1257 964 legas,
1311 889 1576 936 moram
1612 865 1687 936 δε
1736 864 1951 937 veluti
1997 863 2305 960 ponduS‚
2356 888 2508 935 cae-

734 961 921 1035 surae
954 964 1213 1035 virtute
1249 960 1546 1052 sublata,
1599 979 1830 1032 totum
1863 959 2111 1031 adimas
2129 992 2153 1045 3
2205 960 2513 1057 adeoque

738 1060 1385 1157 pronuntiationem
1430 1060 1652 1128 minus
1698 1055 2052 1127 difficilem
2104 1056 2176 1127 δί
2210 1106 2236 1147 ,
2286 1078 2367 1128 ut
2414 1059 2510 1127 ita

737 1157 972 1229 dicam
1007 1208 1033 1248 ‚
1103 1153 1548 1254 ponderosam
1597 1151 1871 1224 efficias,
1968 1153 2292 1249 Denique
2345 1151 2513 1224 illud

740 1253 1110 1325 lectionem
1148 1278 1288 1324 cum
1321 1277 1541 1344 magno
1578 1253 1845 1342 pondere
1890 1248 1975 1320 ab
2013 1249 2511 1346 Interpolatore

743 1350 1128 1447 profectam
1179 1349 1311 1420 css'c
1356 1347 1652 1418 ostendit
1709 1400 1730 1435 ,
1800 1344 1986 1440 quod
2030 1370 2107 1416 ea
2142 1347 2513 1417 naturalem

746 1446 1121 1519 verborum
1155 1445 1467 1517 ordinem
1491 1503 1511 1533 ,
1563 1441 2135 1539 praepofitionem
2173 1467 2311 1535 rum
2360 1463 2515 1514 ante

743 1570 971 1639 magno
1004 1540 1455 1628 collocandO,
1509 1558 1826 1611 revocat:
1881 1559 2122 1610 contra
2155 1538 2359 1611 leffio
2377 1565 2515 1610 ma-

786 1666 860 1711 no
891 1665 1034 1711 cum
1054 1641 1326 1734 pondere
1357 1637 1499 1707 hoc
1537 1634 1682 1733 ipso
1767 1635 1909 1706 uod
1966 1661 2006 1706 a
2052 1635 2337 1707 naturali
2368 1662 2517 1709 ver-

734 1665 997 1806 {orum
1031 1734 1272 1805 ordine
1325 1728 1630 1803 discedat
1668 1782 1695 1822 ‚
1785 1751 1939 1803 nter
1989 1730 2326 1805 olatorem
2376 1757 2520 1805 non

750 1827 1020 1927 resipit:
1073 1829 1256 1902 &in
1290 1827 1420 1899 hac
1456 1852 1578 1919 re,
1677 1828 1799 1899 uin
1834 1757 2052 1920 ordb,
2099 1829 2218 1929 qui
2267 1829 2354 1903 ab
2399 1831 2518 1902 In—

740 1926 1239 2024 terpolatorum
1290 1853 1784 1997 consuetudine
1828 1925 2116 1998 alienior
2166 1924 2306 2018 est,
2352 1951 2519 2023 pro-

740 2023 885 2096 bari
938 2022 1183 2096 debeat
1215 2073 1241 2113 ‚
1307 2020 1571 2120 ambigi
1625 2046 1769 2093 non
1818 2021 2065 2119 potest.
2163 2021 2519 2096 Ultimum

740 2120 1036 2219 denique
1064 2118 1464 2217 exemplum
1510 2118 1697 2216 quod
1741 2118 1960 2192 adfers
1991 2170 2017 2212 ,
2067 2118 2167 2193 est
2223 2143 2262 2192 e
2312 2119 2519 2193 Plinii

747 2218 972 2315 Epist.
1013 2218 1189 2291 VII.
1243 2246 1311 2312 9.
1360 2218 1617 2290 Multos
1648 2218 1932 2289 videmus
1978 2217 2282 2309 ejusmodi
2311 2234 2518 2289 certa·

751 2320 931 2388 mina
947 2318 1080 2411 fibi
1116 2340 1278 2387 cum
1313 2313 1531 2385 multa
1563 2316 1747 2387 laude
1781 2314 2077 2409 fhmfiffe.
2128 2314 2231 2385 At
2281 2310 2523 2386 Caesar

754 2412 847 2483 dc
896 2413 978 2482 B.
1033 2411 1216 2483 Gall.
1254 2408 1417 2480 Lib.
1451 2410 1546 2482 V.
1601 2435 1669 2481 c.
1704 2433 1753 2503 4
1812 2466 1824 2479 .
1878 2415 2092 2506 Atque
2134 2411 2315 2481 ambo
2352 2415 2520 2483 inco-

755 2512 952 2579 lumes
988 2558 1013 2596 ‚
1078 2508 1496 2598 complurtbus
1557 2512 1725 2576 inter
1755 2511 1905 2577 eHis
1935 2557 1960 2597 ‚
2047 2506 2306 2578 summa
2358 2531 2521 2579 cum

748 2604 936 2676 laude
948 2600 1087 2693 sest:
1119 2606 1301 2671 intra
1339 2605 1712 2673 munitiones
1743 2607 2074 2693 recipiunt.
2126 2602 2322 2674 Idem
2353 2603 2522 2675 Lib.

753 2699 891 2770 III.
921 2721 984 2767 c.
1024 2715 1141 2796 23.
1194 2698 1495 2796 Qorum
1532 2698 1815 2767 adventu
1862 2722 2113 2798 magna
2148 2724 2313 2770 cum
2366 2724 2522 2772 auc-

751 2799 1018 2868 toritate
1050 2846 1074 2885 ‚
1126 2793 1209 2873 &³
1247 2815 1496 2890 magna
1531 2817 1694 2865 cum
1743 2792 2062 2867 hominum
2112 2797 2526 2868 multitudine

752 2896 982 2966 bellum
1012 2914 1225 2987 gerere
1263 2905 1573 2961 conantur
1605 2942 1632 2982 ‚
1683 2889 1802 2961 ubi
1834 2891 2111 2988 quidam
2168 2890 2371 2963 Libri
2401 2892 2527 2963 ha-

752 2989 925 3062 bent
955 3014 1185 3084 magna
1237 2986 1603 3057 hominum
1658 3010 1819 3058 cum
1868 2989 2294 3060 multitudine.
2385 2987 2526 3061 Sed

751 3111 996 3181 parum
1024 3085 1247 3158 bene..
1319 3083 1517 3155 Nam
1554 3081 1628 3154 &
1662 3082 1779 3154 hic
1809 3082 1982 3155 ordo
2025 3087 2350 3175 hominum
2380 3109 2525 3156 cum

753 3181 855 3251 est
885 3182 1204 3272 insuaviS,
1256 3182 1330 3255 &
1364 3179 1604 3251 melius
1638 3178 1737 3251 est
1782 3203 1921 3251 cum
1967 3206 2007 3252 a
2052 3180 2268 3255 verbo
2319 3182 2527 3252 homi-

752 3299 903 3345 num
928 3328 953 3366 ‚
1003 3279 1195 3371 quod
1228 3276 1312 3348 ab
1345 3275 1745 3375 aspiratione
1775 3275 2021 3373 incipit
2055 3331 2081 3370 ,
2179 3302 2338 3348 uam
2371 3301 2525 3349 ver-

748 3369 920 3441 bum
970 3396 1199 3465 magna
1248 3371 1333 3444 ab
1386 3376 1705 3459 hominum
1759 3373 2009 3468 excipi.
2108 3373 2143 3445 I
2192 3397 2305 3445 em
2357 3371 2525 3445 Lib.

749 3464 886 3539 IV.
939 3488 1004 3537 c.
1073 3490 1100 3536 1
1119 3522 1134 3536 .
1198 3470 1458 3566 Magna
1511 3495 1651 3545 cum
1692 3471 2109 3546 multitudine
2161 3471 2486 3544 hominum
2500 3519 2529 3560 ,

2370 3568 2522 3660 flu-
