2743 4378
725 908 868 981 ἄτα
887 958 909 982 .

732 397 892 506 364
1021 376 1983 473 :AN1MADVERa
2063 392 2226 479 m

723 518 901 594 latus
939 510 1110 591 ess‘et
1137 562 1162 604 ,
1229 526 1455 587 totam
1507 524 1672 584 tuae
1715 509 2223 588 emendationis
2278 511 2562 592 obscuS

724 614 924 691 mss‘et
988 611 1284 716 gloriam
1313 659 1364 707 ,ο
1424 629 1535 685 ne<
1577 609 1831 709 attingi
1896 608 2189 708 quidem
2252 609 2550 692 debuit.

727 710 954 786 Nunc
1007 728 1198 784 tuam
1243 704 1770 780 adnotationem
1821 702 2192 806 subjiciam
2228 739 2262 795 3
2312 712 2538 808 Lego,

725 808 951 907 inquis
979 856 1007 901 ‚
1055 829 1180 880 non
1226 808 1458 878 littera
1485 853 1512 897 ,
1559 803 1687 899 fid
1728 807 1962 882 lineola
2026 809 2369 883 duntaxat
2408 810 2536 884 ad-

904 1022 1167 1075 Fremant
1202 1009 1488 1116 §alenam
1506 1008 1650 1087 falce
1676 1009 1863 1092 quibus
1879 1008 2027 1071 dedit

909 1112 1143 1168 lenm
1167 1117 1336 1164 ναίω
1350 1125 1371 1162 .·

727 1218 844 1292 Sic
873 1220 1042 1290 enim
1073 1214 1158 1295 ἔθ’
1192 1214 1534 1308 compositio
1547 1213 1834 1309 sitavior
1860 1209 1947 1307 est
1962 1262 1993 1305 ‚
2042 1209 2130 1294 &
2165 1210 2548 1308 Epitheton-

728 1316 1004 1411 digniori
1029 1313 1336 1386 vocabulo
1365 1313 1705 1385 tribuitur.
1798 1310 1946 1383 Hic
1980 1363 2004 1399 ,
2051 1327 2138 1383 ut
2167 1309 2370 1420 saepe
2402 1311 2528 1385 ali-

730 1409 850 1505 bi,
901 1413 978 1483 in
1007 1408 1203 1483 causa
1236 1406 1470 1480 mendi
1504 1405 1870 1482 adferenda
1934 1430 2169 1481 eccasz
2223 1433 2389 1482 nam
2417 1409 2522 1482 vi-

730 1509 913 1581 tium
946 1530 1037 1580 ex
1068 1530 1157 1579 eo
1195 1523 1432 1579 ortum
1456 1505 1604 1599 est,
1655 1502 1854 1605 quod
1976 1504 2364 1604 terpolator
2377 1508 2518 1578 Ca-

726 1608 875 1679 lena
933 1602 1021 1677 ad
1081 1602 1262 1699 falce
1309 1603 1767 1702 propinquius
1826 1599 2313 1677 substantivum
2398 1626 2522 1676 rem

728 1700 1090 1775 ferendum
1123 1701 1396 1797 putavit
1409 1750 1437 1792 ,
1489 1699 1568 1774 δι’
1612 1700 1882 1773 idcirco
1929 1699 2193 1775 literam
2226 1725 2292 1774 m
2322 1697 2509 1772 obli-

727 1798 1017 1870 teravit:
1071 1797 1184 1866 vel
1215 1795 1268 1866 fi
1311 1820 1442 1904 pro
1472 1820 1552 1867 ea
1580 1794 1783 1893 supra
1829 1796 2228 1897 postremam
2261 1799 2338 1868 in
2359 1801 2500 1878 Ca-

719 1896 865 1981 lena
907 1886 1231 1986 syllabam
1288 1888 1545 1963 lineola
1577 1929 1609 1945 -
1641 1943 1669 1984 ‚
1718 1916 1861 1991 qua
1906 1918 1971 1966 m
2028 1888 2493 1992 significatur,

720 1983 973 2099 scripta
1016 1982 1156 2058 fuit
1187 2042 1213 2079 ‚
1278 2009 1426 2059 non
1478 1984 1856 2073 dicendum
1904 2014 2056 2063 eam
2103 1994 2145 2062 a
2186 1987 2503 2063 Librario

722 2083 1034 2161 omiffam
1050 2134 1077 2177 ,
1122 2080 1235 2158 sed
1266 2109 1306 2157 a
1336 2082 1756 2159 Correfieore
1785 2084 1983 2160 fuiffe
2007 2085 2340 2161 deletam.-
2361 2111 2504 2160 ma-

720 2182 959 2276 xime,
1010 2207 1178 2257 cum
1208 2178 1584 2257 verborum
1629 2181 2055 2258 construffio
2102 2183 2192 2260 ab
2228 2184 2502 2285 imperi-

721 2281 810 2356 tis'
845 2278 1248 2355 hominibus
1279 2276 1619 2354 sexcentis
1663 2281 1841 2356 locis
1870 2280 2244 2383 depravata
2275 2282 2497 2374 fuerin

781 2377 1278 2470 'XXXVIIL
1309 2402 1440 2453 vv.
1479 2400 1547 2475 5.
1583 2386 1660 2455 6.
2378 2413 2381 2414 ⁷

910 2486 1135 2566 Simplici
1158 2500 1332 2564 myrto
1356 2484 1494 2547 nihil
1521 2485 1783 2550 adlabores

906 2579 1119 2640 Sedulus
1145 2598 1268 2637 curo
1287 2600 1307 2638 .·

721 2693 870 2767 Hic
901 2690 1095 2763 locus
1140 2684 1305 2759 duas
1353 2690 1864 2782 emendationes
1899 2693 2272 2784 admittere
2312 2690 2497 2770 vide-

719 2808 835 2890 tur
864 2843 889 2883 ‚
943 2787 1019 2863 δε
1070 2786 1316 2860 harum
1363 2790 1645 2887 quidem
1706 2792 1990 2867 alteram
2040 2790 2308 2881 scilicet
2352 2814 2501 2872 cum

720 2906 802 2962 ut
835 2887 920 2961 ad
951 2884 1242 2962 verbum
1264 2903 1429 2977 puer
1478 2888 1808 2969 referatur
1835 2942 1865 2984 ,
1911 2888 2107 2979 nullo
2138 2887 2378 2976 labore
2408 2888 2503 2962 E·

719 2983 1084 3058 mendator
1132 2982 1442 3053 invenire
1487 2988 1750 3083 poterit
1794 3021 1822 3076 3
1905 2986 2192 3073 alteram
2243 2984 2506 3081 fidulus

715 3108 905 3185 curae
938 3080 1171 3155 labore
1206 3102 1351 3151 non
1386 3079 1762 3157 admodum
1794 3107 2053 3182 magno
2092 3109 2109 3155 :
2165 3081 2506 3196 posterior

714 3198 951 3263 autem
1019 3178 1179 3280 quia
1230 3173 1315 3247 ab
1387 3178 1907 3281 Interpolatoris
1954 3180 2266 3279 'ingenio
2332 3177 2503 3253 alie·

712 3277 875 3361 nior
910 3276 1012 3369 est
1042 3327 1069 3369 ,
1119 3272 1351 3374 priore
1385 3331 1411 3372 ‚
1478 3303 1651 3378 quae
1697 3282 1843 3379 ejus
1907 3277 2274 3375 ingenium
2341 3300 2508 3375 prae

712 3371 953 3444 refert
991 3422 1016 3462 ‚
1085 3372 1378 3465 omnino
1427 3376 1681 3450 reffior
1727 3374 1850 3448 est.
1944 3372 2080 3447 Sed
2130 3373 2340 3465 Nota
2391 3391 2515 3458 tua

713 3465 1080 3559 adferenda
1110 3467 1228 3559 est‚
1329 3472 1520 3564 Itane
1566 3473 1779 3566 vera?
1826 3472 2051 3571 inquis
2080 3524 2107 3564 ‚
2157 3495 2249 3559 an
2276 3472 2513 3552 Hora·

708 3571 845 3656 tius.
878 3578 1208 3660 tant-opere
1254 3584 1451 3640 curat
1484 3619 1512 3663 ,
1560 3593 1636 3643 ne
1666 3570 1975 3670 strvulus
2014 3568 2508 3741 praeterbman·

871 3679 908 3721 ὃ
2308 3679 2499 3739 atum
