2743 4378
435 382 897 462 HORAT.
946 382 1392 462 BENTL.
1443 382 1636 458 CAP.
1672 380 1771 455 X.
1882 400 2041 486 ,¹¹7,

282 503 481 578 uibus
515 506 806 579 secunda
836 507 1235 580 continetur
1265 506 1724 604 interrogatio
1740 553 1767 593 ‚
1820 524 2022 599 pror-

250 625 324 671 us
381 604 805 676 convellunt.
896 602 1174 696 Qarto
1228 604 1302 674 in
1350 628 1437 675 eo
1486 625 1771 701 peccas,
1825 597 2018 696 quod

217 696 517 771 verbum
541 759 563 790 ‚
617 703 812 800 cujus
858 698 1100 782 „locum
1147 701 1517 797 occupavit
1562 722 1705 770 vox
1752 697 2015 771 dimidio

212 817 253 862 a
283 794 509 866 verbo
545 797 785 886 major,
844 795 1140 891 pendere
1175 796 1568 872 existimasti
1585 829 1612 881 3
1665 817 1822 865 nam
1857 816 2013 864 ver·

210 887 312 959 bo
355 893 568 986 major
612 890 757 963 solo
808 893 1029 987 prima
1075 891 1686 986 comprehenditur
1734 886 2012 986 respon-

209 984 318 1056 fio
356 1040 384 1078 ‚
435 990 542 1066 uti
595 1013 765 1060 mox
816 988 1095 1064 videbis.
1196 987 1477 1083 Qinto
1527 1012 1700 1059 erras
1732 1037 1757 1076 ‚
1824 987 2014 1081 quod

207 1107 370 1161 non
420 1084 955 1156 animadvertisti
1002 1081 1226 1156 verbis
1271 1107 1422 1154 num
1470 1100 1725 1154 tantum
1761 1084 1795 1151 ,9
1843 1106 2014 1178 quae

204 1178 581 1250 evidenter
616 1179 985 1251 ostendunt
1017 1206 1058 1250 a
1093 1198 1310 1252 matre
1343 1180 1600 1252 iterum
1632 1181 2012 1275 interroga-

205 1274 274 1342 ri
322 1273 629 1355 ranulam
653 1326 677 1366 ‚
708 1273 1094 1371 responderi
1129 1274 1450 1349 debuisse.

323 1369 412 1444 N
418 1394 553 1441 unc
589 1371 756 1441 huic
789 1368 1003 1441 versui
1055 1369 1434 1466 quaerenda
1480 1368 1579 1441 est
1625 1367 2015 1471 medecina,

211 1488 405 1562 quae
437 1490 522 1537 eo
559 1465 913 1538 difficilior
942 1487 1217 1564 repertu
1267 1466 1368 1539 est
1397 1518 1423 1558 ‚
1476 1464 1663 1565 quod
1700 1466 2019 1566 Regulae

208 1562 535 1635 Criticae
562 1601 595 1655 ‚*
640 1589 814 1660 quae
877 1562 1210 1661 plerisque
1258 1563 1497 1636 Flacci
1551 1562 1720 1635 locis
1771 1589 2013 1661 parum

204 1653 385 1730 sanis
432 1659 769 1735 auxilium
836 1661 1260 1759 promittunt
1293 1714 1317 1754 ‚
1391 1661 1556 1733 huic
1621 1658 2006 1760 denegant:

205 1754 422 1834 restat
450 1757 709 1854 igitur,
757 1776 836 1828 ut
872 1757 956 1830 ab
985 1755 1122 1831 sola
1167 1755 1496 1834 sententia
1526 1756 1603 1829 &
1631 1757 2006 1848 verborum

204 1846 379 1922 serie
412 1873 721 1949 petamus
753 1879 997 1953 opem:
1050 1874 1305 1946 aut,ut
1338 1854 1585 1927 rectius
1620 1845 2007 1953 loquari‘iur,

203 1944 631 2041 dicendum,
682 1970 762 2025 ut
804 1971 931 2022 tuo
965 1950 1065 2021 V.
1102 1949 1217 2021 Cl.
1261 1953 1544 2046 ingenio
1574 1949 2003 2026 beneficium

205 2042 358 2121 hoc
405 2045 808 2116 deberemus
838 2096 861 2132 ‚
928 2046 1015 2116 ad
1080 2065 1229 2115 tuas
1290 2046 1681 2141 pertinuisse
1754 2070 2000 2144 partes,

201 2139 603 2213 Enimvero
639 2192 663 2232 ,
715 2165 878 2233 cum
926 2139 1433 2212 emendationes
1480 2160 1628 2211 tuas
1670 2140 1757 2212 ad
1786 2167 2005 2240 cyno-

203 2234 440 2306 suram
462 2288 487 2327 ,
539 2254 620 2306 ut
639 2237 750 2309 ,ita
782 2236 1049 2325 dicam,
1099 2236 1492 2335 regularum
1523 2285 1549 2326 ‚
1600 2261 1885 2332 quarum
1917 2266 2003 2317 ne

203 2331 361 2406 ulla
395 2330 678 2429 quidem
711 2331 825 2402 hic
857 2331 1230 2440 quidquam
1257 2333 1455 2428 juvat
1472 2382 1496 2422 ‚
1515 2355 1792 2424 perraro
1826 2333 2003 2407 dire-

204 2429 401 2501 xeris
431 2463 458 2517 5
531 2450 831 2522 cumque
879 2452 953 2501 1n
1003 2424 1427 2520 praefatione
1475 2425 1573 2501 fic
1637 2424 2004 2525 scripseris,

205 2531 312 2597 ita
345 2529 563 2605 omnia
597 2539 939 2617 praecepta
965 2523 1121 2616 jam
1145 2521 1314 2617 stent
1348 2551 1375 2596 .·
1423 2548 1614 2619 neque
1657 2527 2005 2621 quidquam

187 2622 343 2717 fere
378 2623 693 2711 restduum
720 2622 807 2713 est
821 2670 846 2710 ,
897 2623 1017 2710 nisi
1045 2620 1212 2713 quod
1247 2645 1327 2691 ex
1375 2625 1609 2693 intima
1635 2621 1999 2718 fintentiae

203 2726 284 2791 vi
316 2719 407 2810 ,δέ
440 2720 745 2790 orationis
777 2719 980 2789 indole
996 2717 1199 2809 solius
1228 2722 1461 2815 ingenii
1493 2742 1597 2812 ope
1628 2726 1730 2813 fit
1772 2747 1995 2794 eruen-

206 2817 364 2889 dum
385 2867 410 2906 ‚
462 2814 558 2887 ob
595 2815 716 2888 has
750 2864 775 2903 ,
826 2814 1104 2911 inquam
1139 2866 1164 2905 ,
1217 2811 1438 2885 causas
1483 2840 1523 2887 a
1569 2839 1713 2914 quo
1763 2820 1996 2911 potius

254 2938 421 2993 uam
450 2938 491 2987 a
523 2932 595 2982 te
645 2911 848 3007 hujus
890 2910 1073 3002 loci,
1128 2911 1245 3008 qui
1294 2908 1439 2982 fere
1484 2908 1860 2984 insanabilis
1891 2916 1995 2986 vi-

254 3030 460 3097 etur,
511 3005 1012 3078 restitutionem
1045 3031 1130 3078 cx
1186 3005 1409 3078 cctare
1450 3004 1552 3079 fas
1602 3026 1770 3078 erat.
1871 3008 1998 3083 Tu

205 3104 498 3201 quidem
538 3104 837 3199 primuS,
933 3101 1074 3174 uod
1156 3102 1498 3175 iffimulari
1555 3126 1701 3181 non
1745 3099 1990 3199 debet,

206 3197 744 3275 animadvertisti
773 3197 895 3275 illu
970 3201 1233 3271 dimidio
1263 3222 1428 3270 cum
1460 3199 1744 3296 ingenio
1779 3199 1854 3272 &
1872 3205 1992 3302 ju-

210 3295 407 3368 dicio
435 3294 669 3366 Flacci
765 3319 955 3367 arum
998 3293 1425 3385 consentire,
1476 3295 1550 3367 δε
1592 3295 1857 3369 idcirco
1905 3299 1992 3376 ad
2047 3295 2052 3299 ’

205 3390 454 3464 locum
493 3319 852 3464 sanandum
886 3412 1078 3464 tuam
1114 3416 1349 3467 curam
1385 3391 1760 3469 contulisti.
1854 3390 1993 3466 Sed

167 3483 676 3571 'infeliciffimo
739 3485 1035 3564 succeffu
1069 3547 1093 3583 ,
1158 3507 1277 3656 till-211
1346 3489 1533 3565 enim
1600 3487 1995 3592 emendatio

1333 3606 1364 3681 3
1856 3601 1997 3649 evi-
