2743 4378
776 404 868 480 18
1136 391 2017 473 ANIMADVERS.
2100 389 2244 469 IN

1003 526 1264 589 Ornatus
1288 525 1462 589 viridi
1495 535 1762 601 tempora
1794 521 2078 601 pampino

999 620 1179 685 Liber
1205 633 1349 685 vota
1379 620 1567 685 bonos
1593 618 1756 683 ducit
1781 618 1857 679 ad
1891 620 2093 680 exitus.
2321 678 2326 683 .

862 714 971 787 Sic
1002 713 1189 786 enim
1223 712 1675 813 repetendum
1722 731 1881 787 ante
1944 714 2209 783 clarum
2250 706 2345 781 ’δε
2397 722 2562 785 ante

774 810 1069 883 Ornatus
1117 809 1298 884 reste
1355 810 1716 887 admonuit
1763 806 1871 887 Η,
1950 807 2355 905 Stephanus.
2421 805 2558 878 Ge·-

772 924 1001 987 te'rum
1031 906 1248 985 Aldus
1338 907 1447 985 ed.
1495 932 1520 983 1
1539 929 1702 1002 50¹·
1754 907 2055 1007 primus,
2103 922 2186 977 ut
2215 920 2435 1002 pute,
2477 922 2560 974 ιι-ί

776 1020 1102 1100 trumque
1131 960 1290 1081 ΕΤ,
1289 1006 1365 1078 in
1395 1023 1809 1081 contextum
1840 1000 2136 1081 induxit·

1361 1161 1414 1220 E
1442 1160 1485 1220 P
1520 1161 1579 1220 Ο
1607 1162 1691 1221 D.
1767 1159 1820 1218 L
1852 1159 1963 1219 IB.
2020 1186 2026 1191 ·

775 1265 1308 1349 XV1.v.65.41ma
1335 1265 1547 1331 dehinc
1576 1269 1727 1328 ferro
1757 1266 1982 1327 duravit
2009 1264 2261 1326 saecula'·:
2315 1282 2560 1344 quorum

786 1466 789 1471 Ι
870 1382 1086 1451 Aerea
1103 1430 1129 1470 ,
1175 1376 1269 1452 ais
1288 1429 1314 1469 ‚
1363 1380 1632 1453 tolerari
1661 1402 1782 1450 non
1867 1376 2058 1473 otest,-
2106 1378 2264 1481 quia
2306 1401 2566 1471 quorum

778 1496 867 1551 eo
900 1474 1104 1572 pasto
1137 1472 1222 1546 ad
1234 1473 1497 1566 saecula
1524 1498 1710 1546 aerea
1742 1398 2124 1549 referretur.
2191 1477 2401 1567 Atqui
2419 1474 2570 1549 haec

758 1569 1080 1665 scribente
1144 1572 1428 1642 Horatto
1463 1568 1690 1663 ferrea
1742 1586 1921 1642 aetas
1967 1570 2121 1662 jam
2167 1573 2565 1664 procefferat.

776 1663 981 1758 Quid
998 1665 1028 1735 ?
1075 1663 1160 1735 ad
1185 1662 1394 1740 solam
1425 1682 1716 1737 aetatem
1731 1662 2020 1742 ferream
2037 1663 2396 1739 relativum
2413 1691 2570 1765 per-¹

781 1761 1002 1853 tinere
1031 1758 1424 1833 existimasti
1448 1804 1483 1851 -,
1548 1784 1771 1857 neque
1800 1785 1928 1860 pro
1961 1785 2224 1855 quorum
2254 1764 2429 1856 cujus
2461 1786 2572 1836 re-

835 1855 1183 1930 onendum
1209 1855 1485 1929 vidisti?
1535 1855 1864 1932 Solebant
1892 1857 2078 1930 enim
2111 1910 2137 1950 ‚
2185 1860 2292 1932 uti
2327 1857 2578 1952 noras,

819 1952 1319 2051 nterpolatores
1374 1977 1631 2026 nomen
1678 1952 2094 2052 adjefi‘civum
2144 1951 2231 2026 ad
2280 1978 2410 2052 pro
2463 1958 2577 2029 in·-

784 2137 789 2143 .
832 2052 985 2124 uius
1014 2048 1506 2124 substantivum
1535 2049 1782 2123 referre
1817 2078 1834 2124 ε
1889 2051 1965 2125 &
1991 2049 2258 2122 idcirco
2288 2102 2316 2142 ‚
2410 2078 2434 2124 1
2483 2051 2586 2127 de

784 2146 927 2242 ⁸olo
977 2146 1199 2224 ferreo
1264 2146 1528 2221 saeculo
1593 2149 1818 2223 Po'dta
1882 2147 2278 2248 loqueretur
2308 2195 2337 2242 ‚-
2397 2150 2582 2243 cujus

788 2245 1079 2321 omnino
1110 2243 1385 2319 rescribi
1413 2244 1694 2326 deberet
1710 2297 1733 2335 ‚
1750 2264 1832 2319 ut
1860 2245 2223 2320 relativum
2255 2247 2576 2341 cumscr-

785 2370 859 2419 νο
891 2343 1379 2443 longinquiore
1404 2340 1821 2416 substantivo
1856 2347 2282 2417 conveniret.
2364 2343 2576 2416 Reti-

783 2439 1097 2531 'nendum
1128 2459 1362 2514 tamen
1394 2438 1493 2511 est
1524 2465 1788 2535 quorum
1820 2464 1844 2511 .·
1895 2441 2053 2537 quia
2082 2492 2108 2532 ‚
2158 2457 2323 2512 cum
2358 2438 2583 2513 Vates

840 2537 918 2606 iis
949 2536 1343 2607 hominibus
1373 2534 1460 2605 ab
1490 2536 1721 2630 impiis
1760 2534 1834 2605 fu
1921 2579 1922 2582 =
2082 2537 2436 2627 romittat‚
2486 2536 2578 2608 il«
2647 2565 2653 2572 ·

785 2561 873 2724 fis
905 2629 1114 2699 etiam
1147 2631 1323 2700 aerei
1357 2628 1600 2701 saeculi
1621 2680 1655 2719 5
1698 2558 2037 2728 quoffiu
2064 2633 2151 2703 tis
2200 2632 2276 2706 &
2308 2634 2578 2731 magnis

785 2724 1316 2821 ¹coinquinatum
1381 2744 1526 2797 erat
1557 2726 1760 2799 ‘vitiis
1789 2777 1816 2817 ‚
1880 2726 2120 2829 fugam
2167 2731 2587 2828 promittere·

793 2819 1161 2896 censendus
1190 2821 1309 2894 est.
1391 2820 1596 2896 Adde
1625 2823 1815 2922 quod
1847 2844 1935 2897 ex
1984 2825 2114 2898 illis
2157 2825 2379 2899 verbis
2428 2851 2585 2898 aere

680 2993 682 2996 ,
796 2920 1018 3005 dehinc
1032 2913 1220 3012 fhrro
1231 2921 1503 2993 duravit
1515 2919 1776 3015 fitecula
1793 2973 1820 3014 ,
1847 2919 2048 2995 nulli's
2067 2918 2359 2995 fidiculis
2374 2943 2578 2995 com-

784 3015 1091 3104 ‘modum
1112 3036 1316 3090 extor
1364 3040 1517 3089 ueas
1542 3015 1799 3090 sensum
1815 3051 1840 3104 3
1877 3043 1966 3091 ex
1997 3018 2103 3093 his
2130 3037 2358 3091 autem
2386 3041 2586 3093 aerea

794 3116 1019 3187 dehinc
1048 3112 1190 3217 &c
1217 3113 1338 3189 nul
1365 3140 1410 3185 o
1423 3112 1655 3188 labore
1680 3114 1904 3188 elicias
1924 3113 2583 3190 commodiffnnum

1343 3241 1396 3302 E
1421 3241 1462 3299 P
1493 3241 1520 3301 1
1549 3241 1584 3299 S
1611 3241 1702 3300 T.-
1762 3242 2085 3316 L‚113,.‚1.-

878 3324 1044 3389 XIV.
1058 3342 1116 3388 v.
1138 3348 1191 3407 ς.
1222 3330 1449 3391 Evellas
1475 3347 1614 3408 agro
1634 3373 1652 3401 ,
1670 3334 1731 3392 &
1747 3330 1956 3390 melior
1977 3330 2043 3391 fit
2059 3333 2342 3395 Horatius
2357 3376 2375 3405 ,
2390 3351 2467 3395 an
2483 3354 2582 3395 res.

862 3511 865 3514 Α
890 3424 995 3495 D.
1029 3427 1327 3519 Heinfius
1361 3427 1638 3524 reponit
1667 3453 1756 3500 an
1785 3451 1896 3499 rus
1927 3478 1954 3519 ‚
2001 3426 2078 3500 &
2103 3433 2396 3505 omnino
2429 3449 2585 3504 rec«

680 3557 685 3576 ·
801 3515 871 3596 t&
889 3572 921 3616 5
966 3519 1171 3617 quia,
1214 3546 1379 3598 cum
1406 3522 1690 3619 persona
1712 3525 1828 3602 vel
1851 3543 1957 3601 res
1986 3526 2082 3600 rei
2100 3575 2132 3622 ,
2174 3529 2279 3604 uti
2310 3529 2434 3602 hic
2467 3528 2592 3619 fit,

764 3668 773 3680 .
1541 3645 1564 3664 '·
1805 3653 1806 3656 ’
2448 3649 2585 3723 op·-
