2743 4378
800 420 958 484 290
1163 385 2049 466 ANIMADVERs.
2114 385 2260 463 IN

799 551 942 601 cum
966 526 1164 623 paulo
1193 523 1520 596 horridior
1557 523 1901 612 incumbit,
1958 536 2035 591 ut
2062 546 2204 594 cum
2235 523 2451 595 Cicero
2491 521 2597 594 dia

801 629 949 714 xit,
1004 618 1409 695 inhorrescit
1441 644 1669 712 mare,
1715 635 1836 692 aut
1870 621 2061 716 Virg.
2096 657 2198 673 --·
2235 618 2311 692 δί
2342 619 2589 692 inhor-

801 721 942 792 ruit
972 718 1156 792 unda
1187 716 1510 790 tenebris.
1560 723 1708 789 Aut
1757 732 1926 788 certe
1956 717 2277 812 Enallage
2324 717 2413 811 est
2430 767 2455 805 ,
2503 732 2589 788 ut

801 840 945 891 non
991 817 1168 891 veris
1215 814 1591 889 adventum
1656 812 1845 885 foliis
1879 865 1905 906 ,
1957 811 2065 884 sed
2116 813 2285 886 folia
2331 814 2588 886 adven-

804 932 957 986 tum
1005 915 1184 987 veris
1230 911 1652 1007 inhorrescere
1680 913 2109 1008 intelligamus
2126 959 2151 1004 ,
2202 926 2276 982 ut
2344 913 2426 986 V
2415 914 2586 1008 irgil.

803 1011 1513 1184 ςερνὲδρὶζωῖαηῖιῖἐφὶε
1546 1122 1666 1161 cum
1701 1101 1855 1182 meffis
1883 1097 2164 1162 inhorruit.

809 1216 925 1290 hoc
953 1217 1039 1315 est
1055 1269 1080 1308 ,
1130 1216 1553 1289 contremuit
1572 1270 1597 1311 2
1613 1233 1687 1287 ut
1721 1219 1918 1288 locum
1951 1218 2135 1285 illum
2166 1222 2422 1309 exponit
2438 1217 2589 1289 Ser·-

809 1319 981 1385 vius.
1034 1314 1130 1388 Et
1154 1314 1270 1409 J0.
1304 1311 1507 1386 Bond
1543 1366 1569 1407 ,
1618 1317 1745 1407 lege
1772 1318 1872 1406 stc
1904 1312 1991 1391 δέ
2020 1334 2250 1405 expone
2290 1333 2415 1407 per
2441 1316 2585 1405 Hy-

804 1415 1141 1508 pallagen,
1175 1416 1325 1505 sive
1336 1411 1512 1505 folia
1544 1413 1799 1482 mobilia
1834 1411 2009 1478 veris
2036 1406 2338 1481 adventu
2373 1411 2584 1481 inhor-

812 1525 1101 1580 ruerunt.
1199 1507 1421 1601 Quod
1455 1527 1534 1580 tu
1568 1507 1816 1578 Latine
1850 1505 1991 1576 dici
2025 1530 2168 1576 non
2199 1505 2384 1603 poffe
2417 1530 2588 1578 con·

815 1602 1035 1676 tendis
1054 1638 1078 1692 3
1131 1604 1224 1677 ais
1256 1606 1443 1676 enim
1466 1664 1484 1690 ,
1536 1631 1679 1677 cunt
1711 1619 1881 1674 retro
1916 1609 2132 1695 potius
2165 1609 2367 1674 oratio
2404 1605 2590 1696 insti-

816 1701 1052 1771 tuenda
1080 1706 1208 1791 fit,
1258 1717 1335 1773 ut
1364 1701 1531 1772 folia
1562 1697 2030 1772 inhorrescant
2062 1699 2357 1770 adventu
2390 1702 2591 1772 veris,

812 1795 1034 1892 Atqui
1081 1794 1223 1867 hoc
1255 1819 1382 1906 per
1398 1796 1841 1895 Hypallagen
1886 1821 2029 1868 non
2073 1795 2446 1868 admodum
2480 1798 2591 1868 in-

811 1889 1184 1964 commode
1202 1889 1344 1964 dmi
1377 1891 1749 1966 ostendunt
1779 1893 2125 1992 exempla,
2156 1915 2326 1989 quae
2339 1890 2429 1962 de
2448 1891 2591 1964 hac

810 1986 1040 2087 figura
1055 2012 1146 2060 co
1247 1987 1394 2063 essit
1410 1990 1549 2062 Vir
1562 1987 1862 2061 summus
1880 1990 2150 2064 Voflius
2164 2008 2353 2088 pater
2369 1987 2589 2060 Insti-

818 2104 953 2158 tut.
978 2086 1181 2159 Orat.
1274 2087 1370 2161 ib.
1410 2087 1546 2162 IV.
1587 2087 1763 2185 Cap.
1795 2087 1932 2159 XI.
1954 2087 2136 2186 Sc&
2168 2086 2462 2186 12..Ego
2493 2084 2588 2158 sa-

812 2208 903 2351 rire
944 2185 1389 2359 pgitiemlhuic
1440 2184 1809 2357 {prb-olmm
1843 2184 2243 2361 Ii-iliveriionl}
2270 2183 2588 2355 nofflvgl-

861 2305 987 2356 ea
1092 2308 1331 2359 mrem
1399 2308 1438 2358 e
1491 2310 1530 2358 e
1592 2310 1617 2355 1
1669 2308 1782 2356 am
1925 2301 2128 2357 oratu
2246 2300 2337 2358 rt.
2448 2300 2586 2355 oet.

809 2401 881 2454 v·
917 2389 1076 2534 60&
1089 2475 1279 2551 sylvae
1291 2476 1439 2550 foliis
1458 2490 1640 2553 pronos
1665 2489 1947 2534 mutantur
1972 2473 2030 2533 in
2061 2494 2227 2535 annos

819 2566 939 2637 Sic
985 2583 1180 2638 extat
1212 2568 1284 2637 in
1315 2565 1551 2639 Libris
1582 2568 1865 2666 scriptis,
1910 2569 2038 2641 Tu
2067 2594 2235 2642 vero
2287 2569 2433 2644 fine
2460 2569 2591 2643 ulla

815 2660 1249 2735 dubitatione
1273 2661 1367 2733 fic
1385 2659 1654 2737 scribis:
1696 2669 1971 2760 Insolens
1989 2660 2275 2761 profhfio
2303 2670 2591 2762 loquendi

809 2784 1044 2855 genus,
1098 2759 1348 2857 Sylvae
1378 2760 1559 2834 foliis
1609 2782 1964 2835 mutantur
1994 2797 2021 2851 3
2075 2767 2350 2860 quodque
2382 2768 2595 2859 nullo,

817 2874 892 2927 ut
924 2863 1139 2954 opinor
1170 2909 1196 2950 ,
1261 2863 1534 2950 exemplo
1578 2859 1829 2954 defendi
1873 2877 1993 2933 aut
2041 2862 2334 2957 excusari
2373 2863 2596 2955 potest.

821 2955 906 3026 In
955 2957 1077 3030 hac
1123 2955 1563 3051 construflione
1612 2962 1867 3054 legerim
1903 2961 2122 3054 potius
2154 3012 2183 3054 ,
2246 2965 2599 3034 mutatione

820 3077 1088 3126 memma

1007 3159 1082 3206 Ut
1093 3106 1267 3227 ‘'fil-vae
1279 3146 1424 3222 filiis
1448 3162 1632 3226 pronos
1663 3148 1951 3209 nudantur
1969 3149 2028 3207 τ’»
2052 3169 2238 3211 annot.

813 3236 1075 3407 {anm
1104 3242 1598 3341 circumspecte
1626 3242 1942 3342 scripsisti
1973 3243 2070 3319 fic
2104 3244 2192 3318 ad
2218 3269 2286 3321 v.
2298 3268 2425 3344 52.
2444 3247 2604 3326 Art.

903 3471 916 3483 ,
1009 3435 1084 3499 Et
1109 3450 1253 3489 nova
1280 3432 1510 3515 fletaque
1535 3450 1696 3514 nuper
1723 3434 1988 3496 habebunt
2013 3434 2178 3499 verba
2198 3435 2373 3512 'fidem
2391 3478 2411 3507 ,
2429 3437 2495 3515 fi

819 3532 1244 3627 Adscifiimus
1272 3544 1674 3630 certiffi'mam
1703 3547 2030 3619 [taionem
2049 3596 2079 3637 ‚
2126 3569 2329 3643 quam
2351 3545 2603 3621 fabri-

813 3639 900 3706 cii
929 3635 1157 3712 codices
1165 3633 1667 3731 ficbministrant
1680 3689 1710 3732 ,
2480 3640 2597 3716 Ee
