2743 4378
736 386 878 474 330
1091 367 1986 459 ANIMADVER8.
2046 369 2195 446 IN

1027 600 1657 699 CAPUT
1763 601 2235 697 XVIII.

736 825 1106 919 Lambini
1155 825 1237 914 &
1273 825 1660 909 Torrentii
1691 822 2207 945 negligentiam
2265 821 2351 921 ΕΒ
2382 831 2539 911 im-

825 947 1187 1056 peritiam
1241 943 1320 1027 in
1378 939 1757 1031 Po‘e'matis
1814 942 2134 1029 Horatii
2167 943 2528 1055 recenftgz-

837 1055 959 1138 dis
991 1046 1507 1147 admirabilem
1539 1049 1808 1138 videri.

970 1277 1146 1355 Uod
1159 1280 1389 1378 capite
1400 1278 1721 1376 proxime
1738 1278 2196 1375 praecedente
2213 1276 2300 1351 de
2315 1275 2533 1351 Lam,

1019 1378 1168 1453 bini
1200 1377 1278 1452 ὅτ.
1311 1375 1677 1449 Torrentii
1705 1394 1860 1447 tum
1914 1376 2352 1476 negligentia
2381 1395 2534 1458 tum

1018 1474 1285 1561 inscitia
1312 1474 1505 1564 dixi,
1566 1471 1641 1544 id
1671 1497 1713 1543 a
1736 1495 1850 1544 me
1896 1473 2237 1550 veriffime
2265 1472 2539 1555 dieitmn

741 1575 1083 1673 effe‚quae
1095 1574 1214 1644 hic
1245 1570 1632 1670 subjiciam,
1649 1567 1918 1649 abunde
1940 1569 2534 1669 comprobabunt,

740 1673 843 1756 Et
875 1667 1228 1767 utriusque
1262 1667 1544 1764 quidem
1574 1666 2070 1766 negligentiam
2097 1720 2124 1761 ‚
2174 1666 2349 1740 illud
2382 1692 2533 1740 ma-

740 1767 983 1847 nifeste
1000 1768 1321 1862 coarguit
1339 1796 1366 1850 5
1403 1763 1593 1859 quod
1627 1787 1876 1836 eorum
1905 1783 2144 1837 neuter
2154 1763 2350 1839 libris
2366 1785 2534 1838 ante

737 1885 992 1938 annum
1064 1882 1272 1957 1500.
1322 1856 1654 1955 impreffis
1698 1859 1864 1933 usus
1906 1861 1999 1935 est
2026 1913 2052 1954 ,
2096 1883 2531 1959 quamquam

736 1957 1064 2056 plurimi,
1113 1979 1281 2033 cum
1307 1955 1419 2039 illi
1448 1956 1764 2030 viverent
1779 2008 1804 2050 ‚
1856 1976 2162 2031 extarent
2177 2008 2204 2049 ,
2252 1956 2331 2029 δί
2365 1982 2532 2030 om-

738 2078 858 2128 nes
889 2052 1032 2128 fere
1083 2078 1125 2129 e
1180 2053 1415 2133 Mfftis
1463 2053 1865 2151 deprompti
1911 2081 1934 2127 ε
2001 2057 2258 2153 quique
2314 2053 2531 2129 Lam-

736 2152 887 2226 bini
942 2152 1018 2227 &
1062 2150 1426 2236 Torrentii
1470 2151 1899 2249 temporibus
1945 2151 2213 2237 facilius
2245 2205 2275 2245 ‚
2327 2176 2534 2251 quam

737 2248 984 2325 nostris
1029 2303 1060 2344 ‚
1126 2247 1652 2349 ,reperiebantur
1714 2283 1743 2340 5
1827 2267 1982 2328 tum
2029 2249 2221 2349 quod
2290 2275 2536 2330 eorum

738 2367 987 2425 neuter
1052 2347 1422 2431 notiffimas
1500 2345 1840 2422 editiones
1886 2398 1913 2439 ‚
2000 2348 2196 2423 velut
2255 2346 2535 2423 'Ascen-

741 2445 821 2518 fii
840 2501 864 2534 ‚
911 2446 1296 2522 Britannici
1323 2487 1360 2536 ‚—
1405 2443 1601 2524 Rob.
1655 2443 1988 2540 Stephani
2021 2498 2048 2538 ‚
2117 2442 2535 2539 Vascosani‚

740 2542 1039 2614 Fabricii
1067 2544 1160 2630 Α,
1204 2568 1232 2622 1
1249 2563 1412 2638 555.
1431 2541 1701 2614 Mureti
1734 2541 1809 2623 &
1839 2543 2080 2636 Bruti,
2129 2561 2214 2620 ut
2240 2542 2535 2617 aliorum

740 2639 1064 2724 omittam
1085 2696 1110 2730 ,
1160 2636 1503 2711 confilluit
1520 2671 1546 2725 5
1598 2662 1761 2735 quas
1796 2662 2037 2712 omnes
2086 2639 2418 2712 editiones
2444 2638 2532 2712 ad

737 2733 1121 2818 Horatium
1150 2732 1512 2816 emendate
1556 2734 2025 2833 evulgandum
2070 2734 2256 2821 lla-ild
2283 2760 2534 2840 parum

788 2830 1047 2904 rodesse
1075 2850 1320 2917 neuter
1347 2855 1593 2904 eorum
1626 2832 1945 2929 ignorare
1989 2835 2253 2932 potuit.
2348 2832 2535 2913 Illud

734 2855 890 3002 fane
924 2927 1285 3003 Torrentii
1318 2927 1816 3027 negligentiam
1840 2931 1916 3003 in
1947 2932 2138 3038 grav'
2197 2955 2411 3010 unam
2425 2954 2532 3002 re·.·

736 3024 1268 3126 prehenfionem
1297 3024 1645 3135 ineurrere
1669 3025 1974 3137 ⁴osten-dit
1990 3080 2021 3121 ‚
2164 3027 2262 3101 od
2290 3025 2532 3102 leffiu-

732 3121 2534 3331 nissffiuifgssffnffiffszfssnzfflffi:

732 3336 943 3408 quam
969 3314 1182 3398 sexies
1218 3316 1329 3390 vel
1361 3315 1603 3414 septies
1636 3316 1929 3415 Cruquu
1962 3321 2401 3393 mentionem
2432 3318 2538 3391 fe-

730 3409 1133 3583 aa
1164 3413 1259 3585 ἢ
1282 3407 2537 3611 ffffmmfflmmfflua

802 3584 807 3590 .
1139 3558 1167 3601 2
1343 3579 1346 3584 .
1552 3583 1557 3588 .
1940 3563 1977 3607 ᾖ

2365 3608 2536 3682 bino
