2743 4378
360 379 827 459 HORAT.
878 371 1735 469 BE'NTL.GAP.X1.
1846 337 1995 498 ιμ’

225 507 332 578 tio
362 504 664 603 postulat
699 508 888 583 hunc
919 509 1187 586 versum
1218 515 1407 613 poss‘e
1439 519 1647 593 etiam
1702 518 1845 593 hoc
1867 544 1991 592 or-

212 602 379 675 dine
411 602 604 701 legi,

410 712 585 770 Audit
609 711 635 770 ἓ
663 713 884 774 blateras
898 735 1112 794 magno
1134 734 1266 778 cum
1285 720 1534 792 clamore,
1562 726 1802 803 sugithae

210 825 353 896 qua
385 803 756 879 verborum
808 809 1271 884 collocatione
1321 817 1524 886 metri
1572 817 1800 915 legem
1831 818 1987 889 vio-

211 896 339 968 lari
369 897 541 972 adeo
573 904 1007 978 manifestum
1038 906 1138 978 est
1170 960 1195 1000 ,
1244 928 1343 980 ut‘
1375 909 1638 982 ostendi
1690 938 1832 986 non
1862 914 1984 986 de-

209 992 400 1066 beat.
497 998 740 1096 Itaque
769 1001 854 1073 ad
901 1001 1085 1074 aliud
1115 1054 1141 1094 ,
1193 1004 1381 1101 quod
1430 1005 1645 1079 adfers
1674 1059 1701 1099 ‚
1749 1033 1985 1083 exem-

209 1089 417 1186 plum
449 1096 777 1187 procedo,
867 1098 1024 1169 Art.
1069 1100 1272 1172 Poet.
1305 1126 1373 1172 v.
1410 1111 1574 1173 260.
1642 1183 1644 1188 .

219 1198 226 1204 ’
417 1200 700 1275 lustenam
716 1205 886 1280 mssus
903 1223 1036 1265 cum
1055 1224 1270 1284 magno
1279 1209 1497 1285 pondere
1505 1210 1684 1286 verfias
1698 1251 1718 1279 ‚

227 1313 408 1362 cum
442 1316 698 1392 magno
779 1298 1031 1370 ondere
1056 1326 1135 1371 ex
1164 1303 1441 1374 omnibus
1456 1353 1482 1395 ‚
1533 1302 1990 1401 inquigscrip-

213 1390 318 1457 'tis
351 1386 435 1467 ὅθ
479 1392 701 1482 nostris
847 1395 1230 1491 Bersmanni
1254 1400 1658 1491 adscivimus.
1711 1401 1810 1471 At
1825 1401 1989 1473 Pul-

222 1483 578 1555 manniani
611 1513 846 1562 omnes
875 1491 953 1564 &
992 1491 1207 1565 editio
1256 1492 1628 1585 Loscheri‚
1681 1520 1881 1594 quam
1913 1499 1990 1571 in

213 1578 654 1677 praefatione
699 1610 788 1657 ex
854 1588 1089 1661 Mfftis
1134 1590 1568 1664 Germanicis
1613 1592 1985 1689 expreffitm

211 1674 351 1747 effe
382 1675 553 1751 dicis
586 1734 605 1768 ,
667 1702 925 1756 veteres
988 1705 1288 1785 quoque·
1309 1687 1643 1761 editiones
1709 1689 1989 1762 Italicae

212 1769 363 1844 fere
394 1799 634 1849 omnes
667 1778 761 1853 fic
793 1780 1047 1855 habent
1064 1808 1289 1882 magno
1315 1809 1458 1857 cum
1475 1787 1981 1885 pondere‚quam

214 1864 618 1966 scripturam
668 1877 798 1949 effe
840 1903 1072 1951 veram
1102 1931 1129 1971 ‚
1210 1883 1463 1978 partim
1512 1882 1699 1980 quod
1750 1881 1983 1981 paullo

212 1961 517 2062 superius
598 1996 677 2043 ro
708 1972 824 2046 illa
853 1974 1153 2048 lectione
1184 1983 1390 2050 multa
1449 2004 1584 2050 cum
1624 1982 1811 2052 laude
1856 1978 1981 2051 fir-

213 2063 466 2134 manda
577 2067 786 2157 duxi,
838 2069 1093 2166 partim
1126 2071 1311 2168 quod
1364 2072 1590 2143 statim
1621 2074 1984 2166 adducam,

212 2156 540 2232 dubitare
590 2186 715 2235 nos
762 2189 908 2237 non
968 2163 1219 2239 fi'nunt.
1310 2169 1666 2240 Praeterea
1726 2170 1982 2242 Cicero

221 2253 425 2362 Arat.
460 2283 525 2329 v.
569 2277 736 2359 132.
771 2259 1291 2335 eodem'ordine
1323 2263 1497 2334 baec
1530 2262 1734 2337 verba
1768 2265 1987 2337 collo-

209 2367 431 2421 cavit.

223 2476 230 2483 ·
291 2444 294 2445 ’
410 2443 709 2505 obvertunt
729 2469 925 2508 navem
942 2466 1304 2526 magno-cum
1327 2455 1586 2528 pondere
1603 2468 1819 2514 nautae.

212 2561 429 2636 quem
463 2539 700 2613 locum
733 2566 822 2615 ex
862 2541 1201 2615 Turnebo
1222 2544 1637 2618 Puhnannus
1668 2547 1984 2644 protulit.

212 2635 443 2707 Nunc
491 2657 810 2734 quartum
840 2664 1038 2712 exem
1092 2640 1236 2713 lum
1284 2668 1322 2714 a
1369 2662 1442 2715 te
1486 2643 1790 2743 pofitum
1823 2644 1980 2722 sub-

204 2733 469 2829 jiciam.
563 2736 781 2809 Serm.
831 2736 928 2808 ΙΙ.
969 2738 1046 2810 II
1093 2766 1214 2836 .v.-
1246 2763 1409 2814 112.
1709 2824 1716 2833 ,

406 2847 662 2922 ΡνοῘεέῖιις
678 2847 857 2924 vigilet
874 2865 1007 2907 cum
1024 2847 1123 2907 Ion'
1129 2867 1204 2924 go
1223 2849 1363 2908 fuste
1382 2872 1400 2918 ;
1437 2872 1594 2930 neque
1604 2850 1745 2908 illinc

220 2938 334 3009 Ita
362 2938 637 3034 quidem
672 2940 748 3012 in
782 2938 1099 3012 omnibus
1128 2938 1390 3108 scriztis
1425 2943 1499 3014 Sc
1529 2939 1854 3039 impreffis
1881 2941 1982 3014 le·
2058 3017 2061 3020 ,
2192 2990 2197 2994 ·

270 3034 434 3103 itur.
535 3032 800 3110 Verum
838 3035 976 3119 fine
1008 3035 1146 3108 ulla
1177 3036 1271 3108 du
1321 3038 1609 3109 itatione
1640 3043 1812 3133 longo
1840 3064 1981 3111 cum
2068 3048 2081 3056 ”

196 3055 381 3222 {uste
413 3151 487 3199 re
535 3131 879 3206 onendum
911 3133 1040 3206 effe
1067 3131 1361 3223 adfirmo
1380 3184 1407 3224 ‚
1454 3133 1669 3205 tribus
1699 3135 1980 3206 rationi-

215 3223 349 3295 bus
397 3223 481 3294 ad
524 3225 718 3299 uetus
752 3261 779 3315 3
834 3253 980 3300 ¹una
1011 3281 1035 3320 ,
1086 3254 1258 3325 quae
1303 3226 1565 3301 causam
1609 3229 1980 3307 verborum

213 3318 532 3393 ordinem
560 3324 870 3400 mutandi
897 3325 1196 3400 ostendit
1228 3378 1255 3418 ‚
1293 3326 1385 3400 f&
1431 3325 1528 3399 est
1572 3326 1761 3400 haec.
1856 3329 1980 3401 In-

211 3436 327 3490 ter
379 3417 599 3489 olator
631 3421 747 3494 hic
776 3421 1188 3497 existimavit
1217 3423 1592 3507 naturalem
1608 3425 1981 3513 verborum

205 3442 534 3591 ordinem
560 3516 906 3617 poscere‚'
930 3539 1013 3596 ut
1041 3520 1459 3622 praepositio
1488 3547 1629 3597 cum
1654 3541 1814 3596 ante
1809 3543 1986 3684 ger-
