2743 4378
751 357 906 443 καὶ
1117 355 2003 440 ΑΝῙΜΑΒῪΕΚὸι
2066 356 2209 442 IN'

751 475 1176 582 polatoribus
1207 482 1400 556 causa
1421 489 1570 581 gelu
1604 487 1681 559 in
1710 486 1850 581 sblo
1894 487 2213 564 mutandi
2263 489 2494 571 adfuit
2509 501 2544 586 3⁴

746 605 890 651 non
920 581 1095 673 illis»,
1193 581 1307 652 uia
1337 582 1520 654 inter
1552 582 1776 656 literas
1798 608 1847 679 g
1876 611 1910 656 e
1942 586 2019 657 in
2037 587 2297 682 gela&
2310 589 2381 684 s
2388 618 2423 663 0
2456 595 2540 667 in

719 672 863 769 solo
893 673 1082 749 nulla
1114 684 1181 749 ei
1272 675 1607 770 affinitaS,
1657 704 1883 776 neque
1929 680 2211 780 usquam
2261 687 2333 757 in
2368 689 2543 762 Ho-·'

744 774 1018 846 ratianis
1056 769 1421 846 codicibus
1454 800 1691 849 omnes
1724 776 2028 852 Librarii
2078 779 2283 853 fimili
2334 783 2543 859 incu-

748 869 850 942 ria
883 888 1349 965 peccaverunt
1386 903 1411 958 ς
1485 871 1561 945 hi
1608 898 1775 946 vero
1823 873 2152 974 nusquam
2195 880 2548 955 elocutio-i·

752 990 915 1037 nem
957 966 1375 1038 notiffimam
1423 970 1495 1040 in
1542 968 1946 1044 insolentem
1995 973 2070 1046 &
2122 974 2496 1052 inauditam
2515 1026 2545 1072 ‚

748 1061 964 1160 qualis
998 1062 1100 1134 est
1133 1065 1525 1160 durataeque
1538 1064 1678 1159 sblo
1709 1074 1893 1140 nives
1925 1088 2394 1147 mutaverunu

953 1171 977 1229 1
1012 1188 1205 1238 nune,
1245 1192 1317 1235 o·
1336 1171 1473 1245 felix
1502 1174 1819 1241 inventum,
1858 1179 2017 1236 solu&
2041 1193 2264 1240 amato.

763 1259 1047 1337 Deinde
1083 1262 1171 1337 ad
1205 1265 1444 1340 Carm.
1480 1267 1646 1341 Lib.
1683 1269 1817 1344 IV.
1853 1273 1951 1344 ΙΙ.
1982 1298 2118 1350 vv.
2156 1300 2282 1376 296
2326 1301 2436 1378 30.

639 1425 652 1434 .
947 1380 1043 1435 Per
1073 1377 1300 1438 laborem
1339 1423 1354 1437 .
1391 1422 1408 1439 .
1452 1421 1468 1437 .
1515 1423 1529 1437 .
1571 1383 1870 1443 Plurimum
1894 1428 1912 1454 ,
1948 1386 2081 1445 circa
2110 1409 2315 1451 nemus.

761 1465 874 1539 Sic
909 1471 1059 1541 olim
1094 1469 1179 1549 &³
1212 1470 1395 1543 hodie
1423 1473 1750 1569 distinguit
1782 1481 2082 1572 quicquid
2104 1484 2192 1575 est
2221 1488 2550 1580 Interpress

757 1579 943 1634 tum:
994 1583 1070 1635 ut
1098 1564 1476 1664 plurimum
1512 1571 1837 1663 referatur
1864 1578 1955 1646 ad
1984 1575 2326 1653 laborem:
2380 1588 2549 1657 mihi

752 1675 978 1731 contra
1011 1664 1276 1734 videtur
1308 1672 1784 1742 convenientius
1812 1721 1839 1763 ‚
1890 1687 1966 1743 ut
2012 1676 2105 1745 ad
2131 1699 2373 1751 nemus
2390 1698 2551 1773 per·—

753 1757 983 1824 tineat.
1086 1756 1454 1853 Carpentis
1494 1785 1617 1856 per
1662 1763 2017 1859 laborem,
2040 1773 2176 1846 -hoc
2221 1776 2311 1869 est
2361 1781 2550 1851 labo-

750 1847 908 1941 riost
942 1856 1275 1943 carpentis.
1370 1856 1699 1932 Salustius
1731 1863 1807 1935 in
1840 1866 2046 1939 Catil.
2077 1893 2139 1941 c.
2162 1875 2246 1968 '7.
2267 1871 2550 1963 Juven⁴

753 1962 863 2022 tus
900 1969 975 2016 m
1005 1946 1234 2022 castris
1258 1972 1380 2045 per
1409 1956 1690 2028 laborem
1723 1959 1845 2034 usu
1880 1966 2197 2040 militiam
2212 1965 2549 2045 dxscebat.

750 2038 917 2112 Tum
948 2061 1164 2118 autem
1196 2052 1402 2142 illud,
1440 2052 1820 2149 plurimum
1853 2062 2039 2135 circa
2075 2089 2317 2138 nemus
2332 2118 2358 2161 ‚
2374 2073 2548 2141 mul-

753 2154 821 2211 to
868 2143 1084 2232 opinor
1130 2148 1405 2220 nitidius
1450 2154 1577 2222 erit
1624 2178 1817 2248 quam
1865 2159 2050 2233 circa
2100 2186 2344 2236 nemus
2389 2167 2552 2238 nude

759 2238 1060 2333 arideque
1080 2248 1434 2335 prolatum.
1484 2248 1700 2323 Ovid.
1744 2254 2048 2330 Metam.
2084 2258 2304 2333 ΧΠῘ.Δ
2333 2267 2425 2359 36
2442 2290 2466 2335 1
2485 2320 2502 2334 .

948 2347 1202 2410 Plurima
1230 2373 1339 2432 qua
1375 2354 1512 2415 filva
1538 2347 1606 2431 est
1625 2403 1645 2428 ,
1676 2375 1729 2417 et
1755 2382 1879 2441 equo
1910 2365 2019 2425 loca
2040 2367 2235 2446 pervia
2270 2391 2375 2430 non
2391 2373 2544 2448 santa
2640 2434 2645 2435 ff

766 2436 972 2536 virg.
1015 2442 1194 2513 Aen.
1229 2445 1290 2516 Ι.

948 2535 1193 2663 ,Jamque
1221 2540 1564 2614 ascendebant
1598 2546 1771 2606 collem
1800 2551 1891 2629 qui
1926 2553 2208 2628 plurimus
2235 2558 2355 2617 urbi

977 2626 1219 2670 mutnet.
2090 2666 2093 2667 ν

763 2701 1135 2801 Plurimum
1187 2731 1341 2782 vero
1386 2715 1504 2806 ff
1552 2740 1769 2790 nemus
1817 2726 1988 2795 circa
2038 2722 2242 2801 Tibur
2257 2775 2285 2820 ,
2335 2732 2445 2803 vel
2468 2756 2547 2803 ex

768 2805 1046 2893 carmine
1060 2801 1550 2902 st’quentijatis
1581 2815 1816 2909 constat
1832 2870 1858 2910 ‚

955 2909 1051 2966 Sed
1082 2932 1215 2989 quae
1242 2915 1297 2973 T
1302 2916 1428 2974 ibur
1458 2939 1624 2998 aquae
1638 2925 1820 2994 firtile
1843 2927 2113 3007 profluunt
2128 2973 2146 2998 ‚

970 3009 1040 3058 Et
1074 3002 1264 3079 spiffae
1303 3027 1572 3067 nemorum
1595 3033 1786 3071 comae.

767 3093 967 3165 Reele
998 3101 1200 3193 igitur
1232 3096 1609 3198 plurimum
1643 3128 1887 3184 nemus
1919 3145 1945 3199 3
1999 3123 2306 3213 potutſjet
2336 3138 2552 3197 tamen

765 3197 968 3282 magis
1004 3203 1315 3290 appostte,
1351 3218 1443 3287 ‘at
1474 3213 1860 3296 comparatio
1914 3237 2059 3284 cum
2098 3241 2237 3312 ape
2273 3220 2553 3296 Matina

758 3302 870 3369 per
906 3297 1115 3358 omnia
1146 3295 1572 3386 responderet:
1628 3301 1689 3371 F
1698 3322 2024 3380 LOREUM
2060 3312 2247 3385 circa
2281 3341 2542 3391 nemus:

799 3381 926 3461 uod
953 3388 1031 3457 (θ’
1079 3411 1123 3453 a
1176 3397 1452 3487 vulgata
1500 3402 1754 3470 leffione
1801 3427 1928 3476 non
1977 3411 2169 3481 nimis
2219 3415 2551 3488 abhorret.

782 3565 786 3569 .
822 3479 1121 3560 ueretius
1153 3484 1291 3557 III.
1328 3488 1386 3561 Ι.
1908 3546 1912 3551 -

2386 3578 2553 3681 Ηιέ
