2743 4378
740 351 892 464 232·
1096 362 1979 452 ANIMADVERsa
2059 377 2201 460 m
2267 432 2276 438 -

909 475 977 540 Ut
1013 465 1233 541 horridis
1261 498 1551 561 utrumque
1584 485 1818 545 verberes
1845 488 1990 547 latus
2008 529 2028 558 ,

988 578 1182 654 Auster
1197 622 1215 649 ,
1249 595 1509 638 memento
1532 577 1801 660 fluetibus.

906 680 1067 750 Niger
1094 674 1338 732 rudentes
1366 681 1545 732 Eurus
1563 715 1581 742 ,
1615 675 1819 751 inversb
1848 676 1992 736 mari
2008 722 2028 750 ,

990 768 1300 848 Fraflosque
1331 788 1497 827 remos
1524 769 1755 847 dtffirat.

893 867 1142 939 Insurgat
1171 861 1373 941 Aquilo
1392 905 1409 931 ,
1444 879 1677 942 quantus
1707 860 1836 932 altit
1862 862 2126 921 montibus

1000 956 1222 1033 frangit
1247 957 1521 1014 trementis
1544 955 1698 1016 ilices.

715 1099 859 1176 Sed
894 1098 982 1173 ad
1014 1083 1207 1175 verbi
1219 1097 1465 1196 frango
1494 1099 1983 1198 repetitionem
2016 1149 2042 1190 ,
2094 1121 2269 1195 quae
2302 1115 2377 1178 te
2415 1093 2541 1202 of=

719 1196 950 1272 fendit
983 1248 1011 1290 ,
1096 1216 1539 1282 revertamur.
1632 1194 1872 1269 Disces
1918 1219 2008 1267 ex
2055 1195 2539 1295 Hermogene

719 1320 798 1369 re
891 1297 1214 1369 titionem
1248 1292 1441 1368 verbi
1466 1295 1731 1390 frangit
1777 1293 1894 1366 hic
1928 1316 2073 1365 non
2103 1293 2536 1389 culpandam

721 1392 767 1482 s
868 1393 1270 1468 laudandam
1318 1390 1450 1464 effe
1484 1424 1512 1479 3
1567 1389 1663 1463 fic
1709 1391 1894 1463 enim
1945 1389 2002 1461 is
2050 1389 2387 1462 Method.
2435 1391 2534 1464 de

723 1491 1148 1590 Eloquentia
1177 1489 1351 1586 Cap.
1379 1485 1514 1561 IV.
1563 1490 1851 1590 Quando
1881 1504 2138 1558 utemur
2166 1489 2378 1559 eodem
2394 1514 2531 1562 vo-

719 1591 942 1662 cabulo
973 1641 999 1681 ‚
1067 1589 1153 1668 ἐρ’
1186 1585 1435 1681 quando
1486 1584 1739 1679 diversi>
1759 1587 1795 1656 ‚9
1858 1585 2102 1657 Eodem
2153 1588 2466 1657 nimirum
2485 1635 2518 1678 5

714 1709 915 1780 quum
960 1685 1132 1756 illud
1175 1707 1310 1753 rem
1338 1683 1907 1777 stgnficantiffi‘me
1955 1683 2235 1777 defignat
2263 1707 2289 1753 .·
2357 1700 2520 1757 tunc

715 1785 883 1852 enim
916 1803 1041 1850 non
1070 1774 1157 1869 est
1187 1777 1904 1871 aliudstibstituendum
1919 1829 1948 1871 ‚
1965 1802 2083 1873 quo
2110 1783 2209 1849 rei
2240 1781 2519 1852 evidens

719 1875 804 1956 ἑὸ*
832 1876 1117 1968 expreffiz
1148 1877 1488 1966 explicatio
1506 1879 1726 1968 potius
1770 1878 2152 1969 deperditur.
2244 1872 2327 1945 Si
2356 1880 2515 1970 quis

715 1988 934 2044 autem
963 1972 1153 2044 aliud
1177 1973 1559 2058 vocabulum
1605 1974 1891 2067 affumat
1921 2022 1948 2064 ‚
2000 1971 2512 2064 intempestivam

714 2074 959 2163 copiam
990 2070 1262 2164 ostentat
1281 2120 1307 2161 ,
1341 2068 1694 2166 scriptique
1723 2075 2077 2143 utilitatem
2086 2070 2303 2162 perdit
2319 2100 2346 2156 3
2398 2068 2511 2142 id·

766 2191 854 2240 ue
882 2166 970 2241 ab
1005 2169 1333 2241 Homero
1369 2166 1644 2240 Hermo
1696 2191 1853 2240 enes
1900 2165 1977 2240 δί
2012 2192 2054 2240 a
2082 2164 2514 2264 Thucydide

716 2192 984 2435 {astum
1018 2265 1433 2340 Laurentius
1466 2265 1540 2337 in
1664 2266 1799 2339 otis
1851 2287 2017 2363 pag.
2067 2268 2230 2351 1'96.
2280 2263 2514 2338 osten-

767 2384 916 2439 unt.
2310 2406 2315 2411 “

814 2462 1037 2553 Quod
1071 2483 1304 2535 autem
1325 2460 1556 2535 scribis
1571 2514 1597 2555 ‚
1646 2463 1890 2537 dulcius
1961 2463 2229 2535 uiddam
2252 2481 2415 2554 prae
2429 2458 2510 2558 st

703 2559 1039 2653 praefhrre
1074 2565 1440 2649 praeterita
1485 2585 1679 2655 quam
1717 2487 2090 2654 prudntia
2134 2610 2161 2650 ‚
2228 2558 2303 2628 in
2476 2584 2510 2612 ’-

718 2653 1004 2728 villimas
1035 2656 1328 2726 incurrit
1359 2654 1957 2754 reprehensiones:
2015 2656 2215 2729 Nam
2244 2655 2318 2724 in
2418 2678 2504 2726 ac

719 2776 793 2824 re
840 2751 1011 2824 illud
1060 2751 1290 2850 primo
1323 2752 1737 2826 intuendum
1788 2797 1815 2847 5
1860 2760 2097 2827 utrum
2150 2750 2353 2824 metri
2394 2775 2508 2823 ra-

718 2851 824 2922 tio
871 2850 1314 2948 praeteritum
1368 2874 1457 2921 an
1506 2874 1671 2922 vero
1730 2849 2033 2947 praesens
2097 2848 2432 2946 efflagitet
2469 2882 2496 2938 3

718 2947 967 3022 deinde
996 2967 1234 3020 utrum
1265 2946 1557 3019 verbum
1602 2949 1816 3021 molle
1861 2973 1949 3022 an
1992 2946 2245 3020 durum
2290 2946 2386 3016 rei
2415 2944 2505 3018 de

717 3069 856 3142 qua
901 3046 1130 3144 agitur
1189 3045 1405 3141 magis
1455 3046 1865 3133 conveniam
1920 3046 2132 3118 tertio
2164 3090 2190 3137 3
2259 3061 2500 3115 utrum

716 3145 1069 3236 praeteriti
1099 3143 1433 3239 temporis
1476 3166 1565 3213 an
1597 3166 1765 3215 vero
1801 3140 2164 3241 praesent—is
2206 3137 2500 3213 verbum

715 3235 1059 3311 sonantius
1092 3238 1198 3313 fit.
1291 3239 1390 3311 Et
1425 3236 1863 3338 quisquamne
1895 3260 2039 3312 tam
2072 3234 2346 3310 obtusas
2376 3237 2500 3308 ha·-¹

717 3331 839 3403 bet
872 3357 1102 3429 aureS,
1152 3355 1233 3408 ut
1264 3334 1556 3409 verbum
1587 3336 1859 3433 frangit
1911 3336 2129 3432 magis
2171 3332 2502 3405 sonorum

717 3428 849 3500 effe
895 3452 1101 3525 quam
1139 3432 1431 3505 verbum
1448 3433 1703 3531 fregit,
1753 3445 1897 3505 non
1945 3430 2248 3505 sentiat?
2298 3433 2503 3504 Prae-

719 3544 902 3600 terea
932 3525 1234 3624 praesens
1272 3548 1548 3629 tempus
1604 3530 1691 3606 ad
1744 3531 1885 3607 loci
1925 3528 2333 3606 sententiam
2387 3551 2503 3598 ac-

2314 3647 2514 3698 eomd
