2743 4378
383 397 847 475 HOR‘AT.
896 399 1342 476 BENTL'.
1365 402 1557 478 CAP.
1580 406 1760 483 XII.
1868 407 2014 510 189
2201 455 2213 466 κ

225 522 333 597 Et
372 525 595 598 Serm.
639 525 697 596 I.
733 551 803 611 9.
2084 539 2085 544 ’

425 637 481 694 Si
508 656 593 694 me
621 655 772 694 amas
786 678 804 706 ,
837 637 1011 714 inquit
1031 680 1051 705 ,
1080 635 1324 714 paullum
1350 636 1434 696 hic
1464 636 1606 695 ades.

221 748 370 820 Sed
400 752 700 842 inprimis
731 748 1077 819 notandum
1108 798 1135 837 9
1185 751 1306 819 non
1339 753 1457 841 nist
1487 755 1558 820 iu
1587 754 1786 848 longis
1814 777 2010 828 voca-

221 846 402 915 libus
461 847 683 916 hiatus
729 849 869 916 illos
918 846 1182 916 admitti
1197 875 1225 930 3
1278 846 1452 938 cujus
1511 852 1607 918 rei
1654 874 1699 919 a
1747 852 2010 946 Adufica

205 943 509 1032 petenda
542 943 626 1033 est
661 945 856 1011 ratio.

316 1038 552 1107 Extat
584 1036 872 1135 quidem
908 1038 1181 1130 Virgilii
1210 1034 1474 1131 versus,
1528 1036 1704 1108 Aen.
1740 1038 1800 1112 Ι.
1829 1063 2004 1141 405.

418 1154 491 1203 Et
520 1167 649 1205 vera
681 1147 861 1223 inceffit
887 1146 1069 1223 patuit
1105 1155 1240 1204 Dea.
1270 1145 1353 1203 ille
1392 1146 1482 1202 ubi
1514 1162 1740 1204 matrem

438 1240 703 1314 Agnovit.

212 1332 486 1404 Verum
524 1332 628 1401 hic
645 1333 994 1423 peculiaris
1047 1330 1266 1401 hiatus
1314 1335 1490 1401 ratio
1536 1331 1665 1423 est,
1713 1354 1877 1423 quae
1930 1336 2007 1404 in

211 1428 514 1498 Horatii
544 1426 733 1520 verflt
762 1431 961 1500 locum
994 1451 1116 1497 non
1147 1428 1336 1497 habet
1389 1430 1644 1527 Quippe
1662 1428 1806 1520 post
1843 1428 2006 1513 Dea

196 1526 419 1616 plena
453 1523 768 1616 diffinitio
800 1526 887 1618 est
902 1577 928 1617 ,
984 1524 1068 1603 &⁹
1101 1539 1242 1594 tum
1273 1548 1447 1595 nova
1491 1527 1711 1617 incipit
1741 1528 1950 1595 oratio
1971 1551 2002 1597 .·

211 1619 308 1710 §9⁹
347 1626 502 1715 quia
536 1625 608 1690 in
635 1623 1113 1714 pronunciando
1132 1620 1340 1714 pausa
1379 1619 1462 1699 ἐξ
1480 1645 1692 1693 morae
1700 1620 2000 1712 spatium

207 1720 560 1789 intercedit
577 1768 601 1807 ‚
622 1719 774 1789 Dea
810 1719 895 1798 &⁹
911 1718 1029 1790 ille
1031 1738 1154 1809 per
1185 1717 1644 1811 Synaloepham
1657 1716 1986 1812 coalestere

207 1817 483 1886 minime
508 1816 867 1887 debuerunt.
941 1817 1174 1916 Qare
1204 1814 1465 1906 haeret,
1516 1815 1742 1912 inquis
1755 1864 1784 1905 ‚
1837 1813 1993 1887 haec

204 1932 316 1979 res
338 1944 366 1997 3
425 1918 504 1990 ῤ’
538 1928 656 1984 aut
673 1912 1003 2007 sententia
1050 1913 1370 1983 laborabit
1390 1961 1417 2002 ‚
1457 1914 1507 2001 fi
1551 1916 1771 2008 legeris
1814 1910 1902 1983 N
1901 1929 1988 1983 oi-

203 2006 495 2079 minatis
536 2040 562 2092 3
613 2025 729 2078 aut
760 2013 979 2103 versus
1014 2056 1040 2095 ‚
1073 2013 1139 2097 st
1187 2007 1555 2077 OminatiS.
1664 2008 1795 2079 Sed
1837 2008 1991 2081 bono

202 2108 434 2173 animo
468 2106 582 2194 effe
603 2107 887 2195 poteris3
940 2124 1091 2171 nam
1110 2102 1417 2191 leviffima
1449 2108 1793 2171 mutatione
1807 2108 1981 2174 utri-

201 2223 335 2293 que
372 2200 544 2272 vitio
573 2200 942 2291 succurrere
997 2201 1142 2268 licet
1174 2227 1202 2282 3
1253 2220 1445 2290 neque
1491 2200 1736 2271 dubites
1764 2247 1792 2288 ‚
1839 2203 1992 2293 quin

191 2300 309 2390 stc
327 2296 694 2390 prosettam
706 2301 805 2386 stt
838 2296 920 2364 ab
956 2295 1231 2362 Horatii
1261 2316 1456 2362 manu
1472 2323 1499 2376 3
1811 2305 1815 2308 ’

413 2407 561 2477 Jam'
594 2406 776 2463 virum.
805 2418 1071 2481 expertae,
1102 2401 1237 2460 male
1271 2419 1660 2463 mommo-‘ns

420 2501 626 2560 Parcite
658 2497 846 2557 verbis.
1052 2534 1064 2546 ·
1394 2496 1401 2501 ’
1735 2483 1744 2492 ’

206 2608 284 2665 ut
314 2594 448 2690 ipft’
477 2596 642 2668 alibi
673 2589 905 2691 Epod.
935 2587 1149 2687 XVI.

305 2722 308 2725 ·
515 2707 849 2768 Inominata
873 2703 1165 2783 perprimat
1194 2699 1399 2764 cubilia.
1602 2786 1606 2795 ὁ

205 2816 859 2906 Confidentiffime,
908 2839 994 2886 ne
1027 2812 1193 2911 quid
1226 2813 1503 2912 gravius
1533 2813 1757 2888 dicam
1778 2868 1804 2910 ,
1839 2818 1981 2895 hoc

205 2940 249 2987 a
282 2933 356 2987 te
390 2913 765 3012 scriptum,
797 2913 927 3008 sed
960 2914 1112 2983 bono
1150 2918 1359 2981 animo
1394 2913 1508 3005 effe
1530 2918 1771 3006 poteris
1787 2947 1817 3001 3
1870 2943 1982 2988 ne-

202 3032 325 3109 que
364 3012 611 3083 dubites
630 3062 654 3101 ,
704 3015 860 3104 quin
891 3006 1069 3105 male
1099 3007 1491 3079 inominatis⁴
1509 3008 1867 3102 profetiam
1879 3020 1981 3107 sit

204 3108 291 3179 ab
326 3108 602 3178 Horatii
635 3131 869 3197 manu,
923 3128 1131 3176 nemo
1168 3126 1357 3192 non,
1407 3123 1490 3176 ut
1525 3106 1775 3201 opinor
1797 3160 1818 3194 ‚
1873 3109 1978 3189 ‘u-

204 3200 499 3277 dicabit.
591 3201 831 3293 Quid?
882 3200 1045 3272 ¹cum
1079 3205 1243 3273 male
1278 3204 1646 3272 inominatis
1692 3201 1833 3274 hoc
1858 3132 1973 3276 io-

208 3323 304 3373 co
339 3297 525 3373 aliud
561 3324 702 3371 non
722 3296 1067 3396 fignificet
1112 3320 1315 3394 quam
1368 3300 1567 3370 valde.
1607 3302 1975 3376 inominatis

201 3402 425 3485 (nam
463 3413 613 3472 tute
649 3393 786 3491 ipse
821 3393 1047 3485 fateris
1077 3399 1242 3467 male
1303 3393 1424 3467 hic
1479 3418 1725 3494 augere
1759 3395 1972 3497 figni-

212 3491 624 3587 ficationem
654 3516 684 3591 2
733 3491 914 3587 hane
935 3548 936 3551 w
960 3490 1509 3575 emendationem
1559 3497 1928 3568 inominatis
1941 3544 1970 3602 ,²

1550 3618 1557 3623 ·
1724 3609 1965 3661 nonne
