2743 4378
797 357 942 453 146
1173 349 2255 427 ANIMADVERS.1N
2344 367 2365 373 ·-

780 479 1256 553 dubitaverim.
1306 478 1508 550 Haec
1539 492 1770 565 autem
1785 477 1933 563 via,
1985 499 2190 571 quam
2219 478 2295 552 in
2324 498 2564 554 exem-

780 578 913 676 plis
954 575 1041 648 ad
1091 576 1209 647 has
1252 572 1579 647 leffiones
1622 576 1832 645 multa
1885 597 2027 644 cum
2071 575 2263 643 laude
2302 624 2328 664 ‚
2393 578 2494 646 lon
2531 604 2563 649 o

777 698 923 748 cum
939 672 1115 766 fuste
1137 732 1159 764 ,
1208 696 1432 781 magno
1465 695 1610 744 cum
1629 670 1899 765 pondere
1930 720 1956 760 ‚
2005 669 2411 741 muniendas·
2435 602 2551 743 αέ-

782 769 1116 842 ducendis
1162 789 1357 843 teum
1389 819 1416 860 ‚
1486 785 1564 839 te
1591 817 1617 858 ,
1667 766 1776 837 uti
1803 763 1847 836 s
1921 789 2043 855 ro,
2089 767 2447 864 quomodo
2478 770 2555 841 iis

779 868 888 939 uti
933 869 1303 939 conveniat
1348 916 1376 957 ‚
1449 862 1753 960 pascere
1813 789 2094 933 chebit
2128 895 2174 949 3·
2222 860 2552 937 summam

783 962 977 1035 enim
1006 965 1189 1036 inter
1235 965 1365 1037 hos
1394 1013 1419 1048 ‚
1470 985 1644 1059 quos
1693 957 1949 1031 adduxi
1984 958 2180 1032 locos
2213 1014 2233 1044 ,
2281 960 2360 1033 ὅτ.
2390 962 2556 1048 sillos

787 1060 1075 1132 Horatii
1141 1058 1453 1134 interesse
1513 1055 2025 1129 similitudinem
2084 1055 2277 1128 nullo
2321 1056 2556 1130 labore

787 1155 1170 1255 perspicias.
1263 1155 1627 1251 Qoniam
1657 1173 1886 1225 autern
1917 1151 2151 1225 eadem
2186 1151 2553 1226 similitudo

781 1277 932 1325 non
967 1252 1388 1353 conspicitur
1418 1255 1495 1326 in
1523 1249 1717 1325 versu
1765 1260 1812 1324 6
1862 1252 2078 1326 Serm.
2107 1249 2272 1323 Lib.
2323 1252 2385 1323 Ι.
2420 1247 2553 1344 IV,

788 1349 1134 1423 eum'non
1166 1350 1426 1441 adtuli,

975 1463 1217 1538 Famofies
1247 1490 1265 1532 5
1300 1461 1483 1542 multa
1502 1476 1631 1517 cum
1651 1457 1883 1516 libertate
1898 1456 2163 1516 notabant.

781 1555 1020 1628 Posset
1067 1557 1252 1626 enim
1285 1554 1470 1644 dici,
1520 1550 1677 1621 ideo
1710 1576 1849 1621 cum
1882 1550 2037 1648 post
2068 1549 2357 1636 verbum
2396 1558 2554 1625 mul·

785 1668 865 1723 ta
895 1649 1202 1748 pofitum
1229 1649 1405 1739 effe,
1502 1646 1644 1718 uod
1674 1668 1833 1720 ante
1864 1653 2072 1719 multa
2100 1647 2346 1746 absque
2363 1649 2554 1723 dam-

782 1771 880 1819 no
914 1744 1221 1817 caesurae
1252 1746 1411 1845 post
1476 1741 1827 1816 ecundum
1873 1744 2121 1843 pedem
2139 1799 2165 1838 ,
2213 1747 2385 1843 poni
2410 1767 2557 1820 =non

783 1861 1101 1939 poterat;
1148 1866 1355 1939 quam
1386 1858 1621 1913 tamen
1652 1840 1809 1938 post
1837 1865 2003 1914 eum
2035 1842 2282 1940 pedem
2312 1867 2553 1917 nume-

782 1963 1021 2011 rorum
1054 1940 1234 2010 ratio
1268 1941 1439 2038 poni
1470 1935 1771 2009 debuisse
1801 1939 2167 2012 necess‘ario
2216 1940 2556 2037 postulat:

782 2059 943 2108 nam
979 2033 1287 2108 caesurae
1314 2034 1609 2108 deseEtu
1627 2032 1783 2131 post
1814 2036 2103 2109 tertium
2285 2061 2398 2109 em
2431 2061 2558 2109 nu·

782 2133 960 2206 meri
1008 2157 1154 2206 non
1197 2131 1593 2209 efficiuntur
1634 2132 2061 2205 inconcinni.
2243 2133 2306 2206 'c
2371 2134 2556 2208 enim

784 2227 1053 2303 caesura
1077 2231 1389 2304 adhibita
1417 2228 1679 2327 aliquid
1717 2229 2203 2303 concinnitatis
2257 2233 2556 2303 numeris

786 2346 1062 2400 tantum
1095 2328 1356 2429 adjicit.
1452 2326 1715 2401 Eadem
1749 2348 2025 2423 quoque
2074 2345 2307 2402 motus
2342 2329 2555 2400 ratio-

780 2448 873 2591 :ie
920 2423 1189 2533 {tersum
1254 2433 1414 2519 246.
1478 2423 1644 2507 Lib.
1712 2423 1809 2496 ΙΙ.
1857 2423 2081 2521 Epist.
2132 2425 2195 2498 I.
2241 2449 2391 2499 non
2434 2424 2553 2497 ad·

835 2543 954 2590 uxi
971 2570 998 2610 ‚
1518 2578 1521 2581 .

975 2637 1243 2699 Munera,
1277 2649 1409 2707 quae
1423 2630 1594 2689 multa
1611 2630 1791 2690 dantis
1829 2649 1965 2691 cum
1989 2631 2140 2690 laude
2158 2635 2345 2695 tulero.

635 2743 640 2750 ·
780 2722 947 2814 ubi,
998 2719 1049 2793 si
1081 2746 1222 2794 cum
1254 2738 1787 2818 praeponeretur
1819 2723 1983 2796 voci
2034 2727 2282 2817 multa,
2333 2720 2559 2796 versus

779 2814 1047 2903 caesura
1077 2818 1235 2918 post
1265 2816 1639 2890 secundum
1674 2816 1920 2914 pedem
1956 2812 2264 2893 similiter
2280 2818 2559 2893 ¹defrau-

780 2918 1077 2991 daretur.
1171 2917 1267 2989 Su
1321 2914 1493 2988 erest
1520 2914 1607 2987 ¹ut
1642 2913 1727 2987 N
1731 2932 1919 2987 otarn
1957 2935 2147 2988 tuam
2178 2917 2268 2990 ad
2297 2942 2367 2990 v.
2388 2919 2559 2992 260.

782 3017 942 3086 Art.
976 3016 1177 3088 Poet.
1211 3038 1250 3084 a
1296 3009 1604 3084 scribam.
1698 3013 1935 3085 Mnus
1947 3011 2115 3105 scite
2158 3032 2298 3087 cum
2331 3038 2557 3109 magno

773 3106 1084 3203 pondere,
1134 3114 1342 3206 inquit
1370 3107 1760 3204 Bersmanus
1775 3160 1800 3200 ‚
1855 3126 2065 3207 quern
2106 3127 2194 3182 tu
2248 3111 2354 3183 his
2399 3134 2567 3183 ver·

778 3205 885 3274 bis
932 3208 1237 3304 castiga&
1337 3210 1498 3280 Non
1555 3206 1845 3278 advertit
1871 3205 2119 3300 scilicet
2168 3257 2194 3298 ,
2282 3206 2560 3303 inquis,

781 3302 1096 3391 Nostrum
1131 3305 1214 3382 δᾶ
1245 3306 1417 3375 alias
1451 3309 1551 3396 stc
1576 3301 1784 3393 solere
1826 3300 2028 3395 (vide
2081 3302 2288 3375 serm.
2337 3305 2401 3373 I.
2458 3304 2558 3374 X.

777 3410 858 3464 v.
893 3400 1057 3488 49.)
1108 3399 1193 3475 δέ’
1236 3401 1348 3494 βία,
1388 3398 1696 3472 Venerem
1738 3400 2062 3494 quandam
2106 3403 2176 3470 in
2219 3397 2360 3492 ipſse
2396 3419 2561 3492 prob

775 3494 1187 3569 nuntiatione
1205 3494 1425 3589 studio
1472 3500 1823 3595 quaesitam
1862 3496 1987 3593 ff
2002 3519 2030 3569 .·
2077 3516 2244 3570 cum
2288 3516 2564 3592 magno

961 3617 968 3629 “
1307 3663 1322 3689 f
1560 3620 1577 3647 '²
2330 3616 2543 3693 Pon*
