2743 4378
765 406 903 510 338
1114 394 1991 481 ANIMADVERS.
2074 397 2215 472 IN

759 525 1044 628 quidem
1097 523 1246 615 satis
1276 521 1595 597 admirari
1643 543 1786 594 non
1836 518 2109 631 peffum
2141 572 2169 614 ,
2214 520 2406 619 quod
2456 547 2553 615 eng

757 620 1240 794 isssssuiffinffim'
1111 619 1477 790 πωῗέἱῗξ
1512 616 2548 811 ιιῖῗὲωὸᾞιέἶὲῗὲψῖἷᾜ

764 746 1042 901 δαείω
1073 810 1412 911 scripserit
1441 810 1562 907 seu
1604 828 1681 883 tu
1713 764 1968 883 lucina
2002 813 2237 907 probas
2268 766 2486 901 {meari
2506 863 2538 903 2

761 935 984 1009 neque
1017 909 1172 1009 pius
1201 908 1290 982 ad
1321 908 1395 1003 id
1428 906 1617 1004 quod
1646 904 2000 1006 praecenit
2036 965 2060 998 ,
2124 908 2306 980 modo
2344 910 2542 980 Luci-

763 1033 918 1081 nam
949 1009 1255 1081 Dianam
1285 1009 1663 1099 accipimus,
1713 1000 2213 1095 ostendendum
2242 1027 2321 1077 re
2371 1005 2542 1094 uire-

764 1104 971 1178 batur
985 1155 1013 1196 ‚
1061 1103 1248 1177 nulla
1278 1099 1378 1176 est
1408 1103 1586 1174 inter
1617 1099 2019 1196 scripturam
2041 1104 2299 1193 penitus
2394 1126 2551 1173 uno-

769 1227 912 1274 nem
940 1200 1016 1273 &
1055 1199 1506 1293 Genetyllidem
1537 1194 1850 1270 affinitas.
1914 1194 2192 1268 Deinde
2224 1196 2562 1295 Porphye,

771 1295 981 1372 r'ionis
1020 1298 1102 1369 Ν
1107 1316 1296 1371 otarn
1326 1292 1563 1387 adfers.
1615 1294 1912 1385 Ostendit
1937 1294 2196 1364 eandem
2230 1295 2555 1365 Lucinam

777 1394 864 1475 ἐξ
917 1395 1274 1469 Genitalem
1323 1394 1544 1464 Deam
1591 1393 1902 1484 appellari
1936 1413 1961 1460 .·
2021 1387 2106 1460 ad
2140 1413 2318 1490 quae
2349 1388 2561 1483 verba

778 1488 876 1573 fic
907 1486 1180 1585 scribis3
1229 1488 1766 1579 Animadverti5‚
1814 1489 2069 1578 opinor,
2117 1487 2320 1556 verba
2340 1508 2563 1579 prave

782 1592 1104 1677 collocata.
1202 1588 1459 1688 Qippe
1470 1590 1537 1678 st
1567 1584 1640 1654 id
1663 1587 1872 1655 voluit
1890 1634 1915 1673 ,
1944 1587 2044 1674 fic
2074 1586 2320 1669 omnino
2352 1586 2555 1673 verba

776 1683 1180 1776 diſjvofiefflt.
1273 1679 1599 1756 Ostendit
1630 1677 1911 1751 eandem
1947 1678 2173 1750 Deam
2204 1678 2555 1754 Lucinam

777 1775 856 1849 ὅτ
907 1777 1308 1847 Genitalem
1376 1775 1726 1872 appellari.
1826 1774 1950 1848 Sed
1997 1775 2160 1867 quid
2174 1824 2203 1864 ,
2276 1776 2553 1869 inquis,

775 1866 1911 2060 35222215333225‘3‘251323122-21}
1954 1866 2555 2063 ΨῬΞΞἭΞΕΞΞΞ

767 2063 968 2160 potest
991 2116 1016 2155 ‚
1069 2088 1271 2161 quam
1310 2081 1385 2136 ut
1401 2071 1500 2159 fic
1532 2068 1679 2135 olim
1712 2066 1976 2135 dederit.
2029 2061 2364 2136 Ostendit
2395 2090 2549 2144 eane

782 2159 960 2233 dem*
976 2160 1322 2233 Lucinam
1353 2161 1426 2234 &
1463 2159 1979 2259 Genctyllidem
2012 2158 2338 2257 appellari
2359 2188 2549 2258 :quae

783 2255 915 2331 vox
935 2315 959 2350 ,
1011 2274 1221 2352 utpote
1255 2261 1582 2331 Librariis
1613 2263 1826 2353 ignota
1843 2310 1868 2349 ‚
1887 2263 1955 2328 in
1978 2261 2320 2355 genitalem
2336 2260 2549 2353 Deam

781 2354 1282 2452 reformabatur.
1382 2354 1612 2444 Immo
1647 2352 1852 2424 verba
1868 2355 2371 2452 Porphyrionis
2405 2380 2547 2429 rec·

787 2471 862 2550 te
899 2449 1237 2522 collocata
1268 2451 1420 2522 sunt
1455 2477 1475 2521 .·
1526 2475 1680 2522 nam
1729 2449 1883 2547 post
1926 2454 2272 2545 genitalem
2305 2477 2553 2526 nomen

784 2547 1232 2644 adjeefivum,
1263 2545 1326 2616 ei
1343 2545 1602 2620 addidit
1632 2545 2119 2619 substantivum
2139 2545 2551 2646 suppress‘um

789 2641 1010 2715 Deam
1049 2672 1074 2736 ξ
1144 2642 1218 2712 &
1257 2642 1590 2714 Horatius
1622 2643 1856 2740 Carni.
1894 2643 2031 2714 III.
2066 2666 2186 2715 22.
2220 2670 2283 2717 v.
2311 2670 2382 2739 4.
2432 2646 2549 2717 ad-

781 2739 1048 2841 Jeffivo
1078 2736 1396 2836 triformis
1425 2738 1612 2834 addit
1652 2741 1838 2811 Diva
1870 2771 1893 2824 3
1949 2739 2034 2810 ad
2073 2743 2395 2812 Lucmam
2433 2766 2549 2814 au·

791 2857 936 2908 tem
987 2859 1128 2926 vox
1167 2836 1391 2906 Deam
1425 2860 1567 2907 non
1612 2838 1946 2934 pertinet:
2001 2835 2149 2907 satis
2200 2839 2389 2910 enim
2434 2862 2554 2937 per

791 2931 856 3005 se
893 2931 1164 3004 Lucina
1211 2927 1365 3003 Dea
1415 2932 1544 3004 esse
1582 2933 1803 3004 ‘intelli
1864 2934 2022 3004 itur.
2115 2932 2215 3003 Et
2248 2935 2556 3007 Torren-

789 3031 930 3102 tius
976 3025 1392 3126 adverbum
1438 3033 1736 3125 genitalis
1786 2954 1877 3099 {ige
1904 3029 2234 3100 adnotat.
2326 3034 2561 3106 Lamb.

795 3125 882 3206 ἐξ
913 3128 1033 3196 alii
1063 3123 1167 3208 hie
1185 3128 1650 3220 interpungunt.
1704 3127 1838 3220 Ego
1860 3127 1994 3217 post
2023 3127 2357 3197 diaeionem
2374 3129 2560 3202 Diva

795 3223 1152 3316 interpungi
1181 3225 1404 3292 malim
1438 3273 1462 3312 ‚
1513 3221 1587 3292 ut
1632 3247 1751 3296 non
1795 3218 2067 3313 absolute
2104 3222 2404 3296 Dianam
2439 3248 2564 3324 ge-

798 3317 1081 3410 nitalem
1117 3323 1387 3387 nominet
1410 3374 1431 3403 ‚
1463 3314 1589 3410 sed
1613 3317 1982 3415 genitalem
2013 3317 2296 3389 Divamss
2338 3324 2566 3393 Num·

796 3435 989 3509 quam
1039 3416 1205 3482 enim
1255 3431 1494 3485 veteres
1538 3438 1604 3482 eo
1667 3416 1968 3485 vocabulo
2017 3416 2211 3485 aliter
2258 3416 2397 3508 usbs
2448 3420 2575 3512 ff·

797 3507 1076 3612 {nvenies
1087 3558 1113 3598 ,
1131 3528 1237 3578 nec
1265 3510 1639 3604 Lucretium
1667 3512 1953 3606 quidem,
2002 3515 2104 3585 cui
2132 3514 2386 3586 nullum
2403 3535 2558 3609 pae-

1470 3637 1497 3642 ’“
1664 3638 1671 3644 “
2494 3631 2571 3684 ηδ.
