2743 4378
263 374 693 460 HORAT.
741 361 1196 455 BEN-TL.
1242 364 1447 453 cap.
1477 369 1698 456 XVI.
1798 392 1940 483 301

178 511 263 588 ad
296 511 480 610 prius
526 510 779 586 attinet
809 564 832 601 ,
876 513 1058 585 nulla
1077 529 1282 606 paene
1297 514 1341 605 3,
1396 511 1623 612 inquis
1650 563 1678 608 ‚
1726 529 1947 589 muta-

175 615 338 684 tione
378 612 595 703 vepris
637 607 1009 708 legendum
1061 606 1183 680 est.
1279 610 1503 708 Atqui
1618 613 1948 712 erexigua

179 708 352 803 inter
380 705 788 804 scripturam
817 710 979 779 vitis
1009 704 1086 777 &
1114 710 1327 799 vepris
1356 706 1459 780 est
1597 710 1769 782 nitas
1784 741 1820 799 ς,
1868 709 1947 783 ὅτ.

178 800 362 905 ςίιοά
400 803 590 876 addis
623 855 649 896 ,
699 805 1004 896 aptiffime
1033 802 1258 900 vepris
1293 828 1435 875 cum
1478 803 1654 879 rubo
1685 807 1949 901 conjun-

145 906 150 913 ’
170 906 280 997 gi,
331 899 523 1000 quod
553 899 885 996 exemplis
916 922 955 971 e
987 897 1195 971 Plinii
1228 899 1332 971 H.
1371 898 1692 975 Naturali
1733 902 1949 978 &Se-

172 1004 385 1071 necae
412 996 820 1096 Hyppolito
854 994 1309 1094 comprobem,
1357 994 1445 1066 ad
1477 994 1950 1073 demonstran-

170 1093 466 1167 dandatn
500 1091 945 1167 correctionis
976 1094 1338 1166 veritatem
1368 1116 1517 1166 non
1544 1092 1693 1169 satis
1723 1094 1902 1171 valet
1918 1127 1951 1183 5

174 1192 506 1289 quoniam
554 1214 645 1263 ex
690 1213 832 1283 εο,
874 1188 1065 1287 quod
1111 1189 1214 1263 illi
1267 1189 1655 1289 Scriptores
1700 1211 1957 1285 veprem

172 1312 345 1361 curn
376 1289 531 1360 rubo
565 1290 1081 1386 conjunxerunt
1114 1337 1142 1379 ‚
1189 1286 1403 1362 etiam
1434 1346 1460 1381 ,
1508 1306 1591 1360 ut
1627 1286 1749 1360 hic
1794 1286 1965 1361 Ho-'

174 1386 437 1458 ratium
467 1382 640 1458 illud
668 1383 964 1459 verbum
1002 1408 1166 1456 cum
1198 1381 1340 1459 hoc
1391 1377 1823 1485 conjunxisse
1850 1383 1961 1457 di-

178 1503 457 1574 camus,
509 1480 877 1554 necessario
922 1505 1066 1554 non
1112 1479 1557 1556 concluditur
1589 1514 1619 1571 ς
1671 1504 1799 1555 cur
1844 1506 1968 1555 au-

175 1595 326 1651 tern
358 1582 576 1674 vepris
607 1576 749 1652 fine
780 1577 919 1650 ulla
955 1577 1428 1669 ‘controversia
1482 1575 1967 1678 reponendum

174 1673 263 1748 fit
294 1726 320 1767 ‚
370 1674 635 1773 duplici
687 1676 954 1748 ratione
998 1677 1313 1750 evincere
1362 1674 1673 1750 conabor
1701 1710 1731 1765 3
1784 1700 1921 1749 una
1936 1725 1965 1768 ,

176 1771 367 1870 quod
382 1824 410 1865 ,
443 1796 609 1847 cum
640 1773 972 1847 Horatius
1008 1774 1252 1871 miram
1282 1772 1595 1849 hinnulei
1626 1772 1966 1868 timidita-

179 1888 326 1943 tem·
351 1868 623 1942 duobus
652 1870 983 1968 exemplis
1013 1872 1314 1946 indicare
1339 1872 1641 1945 voluerit
1660 1923 1686 1964 ‚
1705 1871 1791 1944 ad
1807 1895 1964 1946 eam

183 1964 783 2038 demonstrandam
835 1965 1170 2059 aptiffima
1219 1991 1383 2053 eum
1433 1968 1707 2063 elegisse
1755 1967 1961 2045 dubi-

177 2060 475 2135 tandum
507 2085 653 2132 non
679 2060 777 2138 est
795 2091 821 2145 5
876 2061 950 2130 &
995 2082 1239 2130 eorum
1288 2059 1581 2132 alterum
1622 2060 1755 2134 effe
1782 2063 1966 2156 tale,

177 2156 395 2233 verba
434 2154 550 2229 ina
574 2216 597 2249 ,
630 2155 751 2253 stu
782 2156 1023 2226 virides
1040 2157 1269 2228 rubum
1318 2194 1421 2217 ·--
1473 2154 1834 2230 Dimovere
1861 2162 1965 2231 Ia-

181 2272 443 2347 certae,
492 2289 594 2307 ---
646 2255 747 2324 Et
777 2253 955 2324 corde
986 2251 1068 2331 {9⁹
1092 2254 1351 2350 genibus
1376 2256 1640 2346 tremit,
1688 2252 1972 2330 eviden-

185 2371 298 2426 ter
343 2348 716 2426 ostendunt
751 2374 767 2418 ε
836 2346 1083 2446 quibus
1142 2350 1331 2422 enim
1379 2348 1608 2422 verbis
1653 2350 1967 2423 hinnulei

178 2519 189 2528 .
227 2443 412 2523 ἀνοι·
442 2445 763 2519 illustrius
799 2445 1094 2541 exprimi
1141 2446 1377 2544 potuit
1396 2498 1420 2539 ,
1460 2471 1664 2545 quam
1698 2447 1846 2541 his,
1881 2444 1968 2519 ad

213 2542 600 2620 eniffimum
630 2543 868 2642 exigui
899 2543 1165 2616 fruticis
1197 2562 1473 2618 motum
1503 2568 1544 2616 a
1572 2569 1787 2643 parvo
1822 2543 1971 2618 ani-

187 2641 496 2717 malculo
534 2642 964 2714 concitatum
981 2691 1007 2732 ‚
1025 2664 1186 2715 eum
1228 2659 1461 2715 totum
1484 2640 1969 2716 contremisce-

188 2759 301 2813 re:
357 2739 434 2813 &
463 2737 759 2838 proinde
794 2756 877 2810 ut
908 2738 1198 2811 alterum
1228 2738 1630 2838 exemplum
1660 2739 1865 2854 hujus
1881 2738 1973 2813 fi·

191 2836 569 2910 millimum
585 2835 699 2930 fit,
716 2834 953 2908 decori
969 2836 1142 2907 ratio
1161 2834 1468 2934 deposcit
1489 2863 1507 2908 :
1531 2837 1720 2935 quod
1736 2855 1972 2910 autem

191 2934 418 3033 magis
452 2932 669 3006 fi‘mile
703 2933 780 3006 δε
812 2934 1226 3016 conveniens
1274 2933 1677 3032 exemplum
1723 2932 1973 3009 adferri

192 3032 438 3131 potuit
471 3053 675 3129 quam
708 3030 850 3118 hoc
882 3081 910 3123 ‚
940 3029 1063 3124 stu
1114 3031 1442 3103 mobilibus
1478 3031 1704 3128 vepris
1750 3033 1974 3104 inhor-

191 3133 334 3202 ruit
384 3167 489 3192 ---
538 3129 661 3199 Ad
684 3144 948 3200 ventum
977 3125 1206 3222 foliis,
1258 3164 1360 3183 ---
1411 3128 1510 3199 Et
1545 3129 1725 3200 corde
1756 3129 1841 3210 Β
1863 3153 1976 3225 ge-

193 3227 385 3316 nibus
416 3229 638 3297 tremit
653 3255 680 3310 3
730 3249 960 3297 nonne
987 3224 1091 3297 his
1122 3220 1347 3299 verbis
1369 3276 1397 3317 2
1440 3223 1663 3298 Po‘e'ta
1692 3221 1778 3297 ab
1806 3223 1978 3299 alte·
2042 3282 2047 3287 .

194 3323 338 3394 rius
368 3322 562 3418 parvi
596 3317 862 3394 fruticis
880 3374 916 3415 ,1
956 3343 1099 3394 non
1131 3321 1398 3395 arboris
1425 3379 1449 3414 ,
1500 3320 1711 3421 qualis
1738 3320 1837 3397 est
1866 3323 1978 3398 vi-

197 3419 336 3512 tis,
387 3417 570 3492 foliis
603 3417 991 3492 molliffimo
1019 3418 1211 3494 venti
1248 3419 1422 3516 flatu
1451 3418 1723 3521 agitatis
1754 3420 1978 3495 maxi-

203 3540 406 3616 mum
439 3511 771 3599 hinnuleo
797 3517 1031 3612 >incuti
1059 3533 1435 3606 tremorem
1448 3569 1477 3616 ,
1526 3519 1604 3600 ὃς
1639 3516 2004 3692 'aptiflimgc
