2743 4378
383 359 836 445 HORAT.
885 357 1341 441 BENTL.
1396 366 1600 440 Cu.
1640 367 1779 441 XI.
1888 384 2022 466 147

230 491 582 587 pondere3
636 518 798 588 quae
834 496 988 565 dum
1011 490 1268 588 profers
1282 544 1306 585 ‚
1358 489 1567 587 t'pstcm
1594 495 1763 565 illud
1773 492 2019 586 pondus

225 587 318 667 Θ
352 593 513 662 lente
543 593 942 663 ambulantes
956 590 1264 683 spondeos
1299 616 1448 663 voce
1488 589 1573 670 {9²
1598 590 1835 684 spiritu
1852 608 2010 681 per-

199 683 525 780 fintiscis.

323 782 660 879 Spondeis
702 780 1093 854 tarditatem
1128 833 1154 872 ‚
1203 781 1473 876 pondus
1509 825 1535 871 9
1585 781 2008 879 magnitudi-

218 900 389 949 nem
409 929 435 970 9
486 878 908 977 majestatem
946 877 1021 950 &
1048 878 1176 950 alia
1208 877 1449 949 fimilia
1462 880 1727 973 optime
1743 903 2007 976 reprae-

227 971 480 1047 sentari
510 1001 720 1047 nemo
756 978 1054 1074 ignorat.
1107 973 1289 1045 Illud
1324 998 1469 1045 non
1501 975 1595 1044 ita
1630 975 1843 1073 vulgo
1878 1002 2007 1046 no-

220 1085 383 1142 tum
419 1124 445 1164 ‚
498 1071 791 1143 caesuras
840 1070 926 1142 ad
967 1070 1360 1142 tarditatem
1400 1114 1427 1161 9
1479 1070 1769 1165 pondus‘
1797 1072 1871 1142 &
1925 1071 2010 1143 fi-

220 1167 423 1239 milia
453 1165 904 1263 exprimenda
934 1165 1065 1237 csse
1116 1165 1691 1238 accommodatas.
1787 1168 2011 1263 Prop-

221 1277 420 1334 terea
497 1263 680 1354 uod,
730 1280 811 1335 ut
842 1260 1076 1333 scribit
1095 1261 1607 1352 Qinetilianus
1629 1262 2013 1334 Inst Orat.

229 1356 403 1429 Lib.
441 1359 474 1428 I
563 1415 576 1428 .
611 1383 675 1430 c.
703 1383 778 1456 4.
829 1359 914 1451 est
951 1361 1268 1452 quoddam
1302 1363 1373 1428 in
1404 1357 1541 1452 ipsa
1576 1360 1880 1452 divistone
1912 1363 2012 1430 la-

109 1499 117 1506 ·
231 1468 378 1526 tens
426 1470 669 1548 tempus
700 1507 726 1546 ‚
792 1473 866 1525 ut
909 1460 980 1526 in
1015 1459 1408 1548 pentametri
1453 1456 1654 1527 medio
1690 1457 1959 1548 spondeo
1979 1508 2005 1548 ‚

223 1556 345 1645 qui
373 1555 497 1642 nisi
516 1556 785 1624 alterius
797 1555 978 1645 fine,
1030 1555 1299 1624 alterius
1333 1556 1521 1624 initio
1554 1553 1781 1642 constet
1800 1605 1826 1644 ‚
1861 1576 2010 1623 ver-

201 1646 367 1736 stem
396 1673 518 1720 non
548 1648 759 1740 efficit.
815 1648 1038 1741 Idem,
1084 1648 1328 1721 eodem
1363 1673 1514 1745 cap.
1581 1653 1814 1744 Neque
1843 1655 2011 1734 enim

224 1769 335 1840 ego
367 1748 578 1841 ignoro
612 1752 681 1818 in
694 1750 834 1840 fine
851 1766 973 1840 pro
1021 1750 1205 1843 longa
1251 1751 1449 1839 accipi
1502 1749 1796 1838 brevem,
1848 1747 2018 1841 quod

223 1843 493 1916 videtur
531 1845 780 1939 aliquid
830 1849 1131 1916 vacantis
1188 1849 1485 1937 temporis
1530 1869 1608 1914 ex
1650 1869 1718 1916 eo
1753 1895 1779 1936 ,
1846 1843 2017 1936 quod

230 1937 585 2033 instquitu?
629 1942 934 2012 accedere.
1001 1940 1099 2011 Et
1153 1941 1283 2012 hac
1331 1939 1420 2010 de
1470 1939 1662 2012 causa
1706 1940 2012 2012 caesurae

225 2027 516 2107 brevem
542 2035 971 2131 producendi
1003 2035 1297 2130 potestas
1335 2034 1598 2105 tributa
1629 2035 1749 2106 est.
1821 2037 2004 2108 Cae-

219 2129 393 2202 suris
423 2150 653 2203 autem
683 2131 822 2203 Vir
877 2128 1068 2201 ‘lium
1100 2129 1187 2200 ad
1219 2129 1610 2201 tarditatem
1630 2130 2010 2227 repraesen-

225 2226 514 2298 tandam
543 2225 648 2297 sae
696 2251 735 2297 e
762 2251 811 2295 u
836 2251 958 2296 um
992 2224 1122 2296 effe
1172 2226 1378 2296 multi
1426 2225 1568 2297 loci
1617 2227 1800 2322 apud
1847 2252 2010 2299 eum

225 2320 493 2394 docent
525 2375 552 2415 ‚
665 2346 789 2394 uos
833 2322 906 2393 in
950 2319 1282 2415 praesenti
1345 2319 1739 2392 adscribam.
1835 2325 2012 2396 Aen.

151 2428 155 2437 ’
232 2414 413 2489 VII.
447 2444 513 2492 v.
558 2420 727 2517 634.

414 2525 595 2583 Autle
636 2528 653 2599 Ι
692 2543 786 2580 ves
812 2541 920 2579 ecre
961 2522 981 2593 Ι
1013 2539 1073 2579 as
1103 2522 1184 2581 len
1224 2523 1317 2597 (to
1345 2524 1418 2581 du
1463 2528 1627 2582 'cunt
1655 2544 1720 2582 ar
1762 2526 1779 2599 Ι
1792 2542 1947 2601 gemo

220 2618 347 2691 ubi
365 2621 586 2692 Poe'ta
602 2619 909 2715 quinque
938 2613 1269 2713 spondeos
1301 2619 1377 2690 δε
1394 2622 1696 2716 quinque
1716 2622 2011 2696 caesuras

229 2715 321 2787 ad
340 2742 605 2789 moram
621 2712 1007 2813 augendam
1019 2713 1356 2787 adhibuit.
1378 2719 1561 2791 Item
1597 2719 1773 2792 Aen.
1793 2720 1985 2794 VIII
1996 2779 2008 2792 .

224 2835 293 2884 v.
336 2834 508 2914 452..
1985 2844 1991 2851 ·

418 2922 503 2979 Illi
531 2922 586 2979 in
629 2922 644 2990 Ι
683 2934 764 2979 ter
779 2919 839 2997 fi
879 2922 898 2992 Ι
923 2918 982 2996 fi
1009 2919 1122 2979 mul
1164 2924 1178 2985 Ι
1216 2936 1275 2978 ta
1314 2922 1377 2980 vi
1409 2923 1623 2981 brachia
1652 2925 1861 2983 tollunt.

224 3018 380 3091 Hic
415 3015 1094 3095 animadvertendum
1131 3016 1428 3095 Po‘c’tam
1460 3016 1829 3091 verborum
1847 3026 2012 3095 mul-

229 3133 308 3185 ta
344 3118 421 3183 vi
452 3111 765 3186 ordinem
811 3110 1114 3185 caesurae
1170 3111 1364 3184 causa
1409 3114 1683 3212 elegisse
1716 3167 1740 3208 ‚
1790 3137 2012 3217 neque

231 3211 423 3282 enim
471 3212 679 3281 metri
742 3212 920 3281 ratio
971 3208 1261 3281 alterum
1314 3208 1629 3282 ordinem
1679 3218 1757 3283 vi
1804 3220 2008 3289 multa

232 3302 641 3401 respuebat„
727 3304 1210 3398 Qamobrem
1257 3308 1332 3378 in
1381 3307 1581 3380 versu
1633 3318 1803 3385 260.
1850 3314 2007 3385 Art.

233 3398 448 3477 Ροὲῑ.
494 3403 782 3474 omnino
825 3402 1199 3502 legendum
1247 3429 1471 3502 magno
1530 3430 1668 3477 cum
1704 3413 1972 3499 pondere
1988 3451 2013 3496 ς

234 3498 363 3578 ubi
400 3494 671 3578 caesura
698 3499 955 3602 aliquid
980 3519 1126 3576 tem
1180 3503 1316 3575 oris
1364 3500 1582 3580 versui
1626 3502 2017 3604 adjiciendo

1258 3623 1308 3674 2.
1470 3635 1481 3639 „
1858 3619 2023 3690 pro·
