2743 4378
771 378 910 456 132
1137 337 1997 421 ANIMADVERS.
2066 335 2210 408 IN

761 479 965 575 hujus
995 469 1182 543 enim
1228 467 1373 540 loci
1406 464 1482 537 &
1515 462 1793 535 illorum
1841 458 2052 557 longe
2093 455 2315 555 dispar
2356 457 2542 529 ratio

762 571 865 646 est
901 604 927 657 3
994 590 1160 638 cum
1211 589 1237 636 1
1260 587 1315 636 N
1364 561 1484 633 hic
1534 556 1845 631 additum
1946 555 2051 626 ost
2111 580 2270 649 quae
2314 552 2544 625 versus

761 661 1144 742 mensuram
1175 683 1320 732 non
1354 672 1758 749 corrumpat
1791 684 1816 737 3
1876 652 1900 721 i
1929 650 2020 722 lic
2071 674 2311 747 neque,
2346 674 2543 746 prae-

759 759 1177 862 pofitionem
1212 756 1305 827 ad
1333 775 1559 846 neque
1580 771 1697 842 per
1739 746 1896 838 addi
1927 744 2244 819 versuum
2275 744 2543 838 mensu-

758 885 834 934 ra
859 857 1154 956 patitur:
1209 852 1308 923 Et
1341 848 1670 945 quoniam
1702 842 1904 916 fimili
1939 841 2152 914 modo
2168 840 2361 939 saepe
2380 864 2543 951 pec-

763 959 919 1046 caS,
965 951 1145 1024 duos
1178 947 1296 1020 hic
1323 942 1698 1017 adscribam
1731 940 1925 1012 locos
1961 964 2001 1011 e
2038 940 2257 1010 Notis
2300 958 2437 1010 tu1s
2465 938 2539 1009 in

766 1049 1151 1126 Horatium
1178 1096 1205 1135 ‚
1270 1041 1393 1114 ubi
1429 1037 1747 1134 exempla
1777 1087 1803 1127 ‚
1851 1034 1937 1105 ad
1964 1034 2038 1106 id
2086 1032 2276 1133 quod
2306 1036 2527 1105 inten-

769 1146 976 1219 debas
1025 1138 1454 1215 fulciendum
1485 1188 1512 1230 ,
1565 1133 2081 1230 haudquaquam
2129 1130 2532 1203 adcommo-

769 1243 928 1317 data
960 1234 1345 1338 produxisti

799 1380 804 1384 ·
871 1341 1092 1414 Serm.
1129 1331 1291 1406 Lib.
1332 1331 1392 1402 Ι.
1425 1329 1485 1399 Ι.
1522 1353 1592 1400 v.
1639 1327 1708 1401 8.

965 1454 1233 1504 Memento
1249 1453 1345 1500 aut
1361 1438 1463 1496 cita
1486 1457 1625 1494 mors
1644 1435 1793 1492 venit
1816 1477 1833 1503 ,
1872 1443 1967 1492 aut
1982 1433 2201 1492 vistai-ia
2216 1431 2374 1489 laeta.

776 1536 893 1612 Ad
932 1562 1140 1635 quem
1171 1530 1436 1605 versum
1492 1529 1584 1600 fic
1634 1526 1864 1599 scribis
1898 1560 1924 1613 3
1983 1528 2360 1598 Momento
2410 1525 2544 1598 cita

776 1657 1003 1724 mors,
1048 1638 1151 1703 ita
1183 1631 1432 1723 quidem
1461 1628 1759 1696 editiones
1795 1641 2037 1696 veteres
2072 1631 2149 1703 (θ’
2168 1625 2394 1696 codices
2410 1628 2546 1716 ple-

776 1733 955 1823 rique
987 1759 1016 1815 3
1066 1725 1264 1817 nostri
1309 1738 1475 1795 certe
1538 1744 1762 1793 omnes.
1855 1723 2088 1813 Neque
2153 1723 2351 1791 aliter
2395 1724 2554 1790 citat

773 1824 936 1919 Joh.
980 1821 1462 1912 Saresberiensts
1496 1820 1567 1887 in
1599 1820 1989 1907 c{olicratico
2010 1819 2093 1893 V
2080 1818 2181 1891 II.
2212 1825 2330 1908 16,
2359 1818 2553 1888 Libri

774 1938 992 1992 tamen
1026 1918 1334 1991 Lambini
1363 1929 1664 2008 quatuor,

972 2035 1239 2083 Memento
1256 2034 1354 2082 aut
1369 2025 1472 2080 cita
1488 2042 1624 2100 mors
1640 2019 1786 2078 venit
1809 2057 1829 2085 ,
1872 2031 1972 2079 aut
1992 2020 2212 2077 vinaria
2227 2018 2386 2077 laeta.

863 2116 989 2188 uod
1020 2117 1359 2211 elegantius
1376 2111 1459 2193 {9²
1476 2114 1678 2208 magis
1700 2114 2163 2183 Horatianum·
2198 2110 2308 2184 Sic
2329 2110 2385 2183 C
2385 2128 2549 2178 arm.

785 2386 790 2397 ι
870 2213 928 2286 L
974 2236 1183 2386 {naus
1197 2318 1296 2369 aut
1314 2303 1502 2364 Nireus
1507 2301 1622 2375 fuit
1639 2339 1657 2368 ‚
1695 2311 1791 2358 aut
1803 2298 1993 2377 aquosi

796 2474 914 2548 IV
975 2471 1019 2546 8
1520 2402 1711 2470 Raptus
1731 2389 1798 2448 ab
1835 2391 1952 2449 Ida.

980 2570 1133 2640 Qus
1149 2577 1247 2625 aut
1264 2560 1565 2640 Parrhasius
1572 2560 1786 2640 protulit
1807 2572 1901 2619 aut
1920 2569 2095 2638 Scopas

796 2657 1017 2732 Serm.
1053 2657 1149 2727 II.
1179 2681 1247 2752 7.

988 2772 1110 2832 Aut
1135 2772 1330 2849 insanit
1349 2769 1496 2830 homo
1516 2809 1535 2838 ,
1576 2779 1674 2829 aut
1690 2766 1868 2844 versus
1875 2767 2017 2842 facit

803 2879 887 2957 ό·
905 2872 1096 2968 saepe
1124 2875 1332 2960 alibi,
2278 2916 2279 2919 =

897 2967 1138 3062 Quid?
1189 2970 1348 3042 hine
1382 2984 1514 3039 tres
1546 2963 1686 3038 loci
1719 2985 1792 3039 te
1826 2984 2204 3065 coegerunt
2222 3018 2248 3059 ‚
2284 2985 2366 3040 ut
2399 2992 2565 3066 pau-

791 3068 1074 3149 ‚ciorum
1105 3090 1185 3138 ac
1216 3065 1632 3138 deteriorum
1660 3062 1987 3138 codicum
2017 3061 2383 3137 leffionem
2405 3090 2568 3162 pro·

793 3161 1044 3243 hares?
1094 3163 1275 3234 Non
1305 3159 1528 3232 vidisti
1564 3210 1590 3251 ,
1658 3158 1709 3230 fi
1744 3158 2077 3256 particula
2116 3176 2235 3231 aut
2264 3160 2377 3234 vel
2411 3182 2572 3234 ante

710 3340 721 3348 ·
800 3280 1050 3328 vocem
1070 3256 1455 3349 Nireus,vel
1472 3274 1630 3328 ante
1656 3259 2030 3347 Parrhafius
2047 3307 2073 3347 ‚
2092 3256 2201 3339 vel
2218 3274 2381 3329 ante
2396 3257 2571 3352 infa-

802 3355 903 3421 nit
920 3352 1354 3424 omitteretur
1374 3403 1400 3443 ‚
1414 3375 1626 3423 unum
1632 3375 1971 3464 quemque
1988 3353 2240 3425 horum
2256 3351 2574 3427 versuum

785 3441 1060 3548 „syllaba
1089 3448 1392 3529 truncari
1421 3445 1454 3520 ?
1504 3447 1588 3524 N
1592 3474 1687 3525 on
1731 3449 1996 3544 vidam,
2045 3448 2120 3525 in
2164 3447 2362 3526 versu
2410 3448 2575 3524 Me·

774 3612 800 3626 ,.
893 3612 898 3621 ‚
2360 3560 2574 3621 mmo
