2743 4378
380 344 849 469 HORAT.
898 373 1348 476 BENTL.
1387 373 1789 460 cmxv.
1854 378 2024 481 ,2⁸5

221 521 358 600 que
381 504 568 577 enim
602 502 745 575 hoc
778 499 951 577 dicit
965 504 1187 578 Poeta
1200 526 1288 577 ex
1319 504 1417 577 rei
1433 503 1723 594 veritate
1740 555 1769 596 ,
1798 495 1910 576 sed
1926 525 2019 576 ex

224 598 415 699 vulgi
434 599 767 674 &eorum
785 602 1114 698 opinione
1134 658 1159 693 ‚
1207 602 1326 699 qui
1358 600 1424 673 se
1443 600 1765 675 Deorum
1797 601 2016 677 vitam

155 753 160 760 .
224 694 507 793 adeptos
542 696 674 770 effe
707 715 954 795 putant
974 749 1001 789 ‚
1053 697 1106 770 fi
1139 696 1491 770 immensas
1526 697 1873 795 poflident
1905 696 2016 772 di-

224 792 422 866 vitias
437 825 466 881 3
520 796 595 870 &
630 817 795 866 cum
831 793 918 867 de
947 794 1011 865 se
1044 793 1189 892 ipso
1226 793 1417 888 dixit,
1439 798 1562 869 Me
1595 799 1729 867 Dis
1757 798 2017 889 miscent

211 887 493 1057 stepen}
521 888 662 1057 (gc
693 891 880 962 enim
911 890 1296 1059 legentiunli³
1336 890 1692 1059 {ngotlisr
1704 889 2015 1060 01)(εέξὲιέ

225 1009 425 1171 ἒῧὲ)
477 1010 562 1173 iis
611 1006 1251 1156 gzrssisutingeivggcg
1296 1010 1373 1153 {ln
1419 1039 1611 1154 caelo
1648 1011 1827 1173 egel}
1868 1083 2011 1155 hoc

221 1176 330 1254 est
383 1227 412 1269 ,
494 1175 951 1252 beatiffimum
1019 1180 1170 1252 esse*
1195 1211 1224 1267 3
1293 1197 1501 1276 atque
1566 1178 1770 1276 hujus
1817 1176 2019 1249 locu-

223 1274 443 1346 tionis
490 1273 673 1346 hane
718 1275 850 1347 effe
897 1275 1310 1386 potestatem
1355 1275 1516 1347 Viri
1579 1273 1769 1347 doffi
1834 1273 2019 1346 mul-

228 1370 323 1443 tis
352 1369 685 1467 exemplis
704 1396 794 1443 ex
811 1373 1097 1469 optimis
1116 1370 1537 1445 Au&oribm
1567 1372 1802 1469 petitis
1819 1394 2019 1444 com·
2157 1402 2159 1406 ¹

233 1463 641 1564 probavere.
737 1468 837 1541 Et
856 1548 865 1554 ,
874 1470 1167 1571 omnino
1217 1493 1384 1541 cum
1430 1467 1779 1541 Lambino
1824 1470 2022 1543 Hunc

224 1565 435 1637 Illum
467 1562 551 1635 ad
582 1564 800 1636 evehit
817 1621 840 1656 ,
890 1590 1038 1638 non
1063 1567 1147 1639 ad
1159 1566 1376 1659 juvat
1406 1564 1641 1638 referri
1672 1583 2020 1664 putamuS,

232 1660 310 1734 &
338 1659 531 1757 quod
563 1659 679 1733 ille
704 1685 847 1735 non
888 1661 1301 1754 observavit,
1326 1687 1715 1761 pronomen
1745 1688 2019 1755 eoa-‚non

226 1781 388 1853 quos
416 1807 443 1847 ‚
492 1774 580 1829 ut
621 1756 734 1829 Cl.
783 1761 925 1833 Bos
969 1759 1195 1834 voluit
1230 1811 1260 1852 3
1310 1758 1962 1859 subintelligendum
1981 1793 2011 1849 3

119 1873 128 1886 ·
226 1852 646 1927 veriffimum
682 1857 869 1929 enim
925 1855 1062 1949 est,
1112 1856 1302 1954 quod
1354 1854 1590 1929 scribit
1639 1858 2012 1955 Scioppius

222 1948 301 2022 in
332 1949 812 2022 Grammatico.
838 1950 1331 2046 Philosophica
1352 2001 1378 2039 ,
1417 1952 1540 2023 ubi
1573 1954 1721 2049 agit
1749 1956 1824 2024 de
1839 1958 2006 2026 Rec-

220 2050 398 2118 tione
429 2047 661 2134 verbi,
714 2046 920 2116 Omne
954 2049 1222 2116 verbum
1243 2050 1530 2117 afiivum
1560 2064 1700 2117 tam
1714 2050 2012 2139 finitum,

229 2165 431 2239 quam
463 2142 790 2235 infinitum
838 2145 1000 2237 regit
1031 2140 1470 2230 accusativum
1520 2199 1545 2232 ,
1575 2147 1725 2235 five
1763 2144 2011 2238 expres:

208 2238 370 2336 fiam
382 2244 564 2332 ‚five
576 2235 972 2333 stapprffcm
993 2287 1018 2327 ‚
1046 2244 1207 2333 Jive.
1225 2240 1419 2309 verbo
1452 2237 1703 2330 infinito
1734 2254 1855 2310 aut
1867 2247 2006 2312 alia

221 2336 490 2408 ratione
553 2348 1025 2406 commutatum.
1119 2332 1337 2407 Unde
1398 2351 1679 2432 apparet
1727 2332 2019 2411 verbum

225 2432 456 2505 evehit
499 2427 806 2530 positum
843 2481 871 2524 ‚
905 2431 1086 2503 inter
1121 2454 1510 2529 pronomen
1538 2453 1637 2502 eos
1677 2427 2015 2504 subintel--

223 2525 494 2602 leetum
510 2579 537 2619 3
572 2530 650 2604 δε
666 2529 863 2600 Hunc
876 2530 1101 2617 Illum,
1157 2528 1232 2601 δί
1264 2526 1348 2600 ad
1380 2552 1518 2621 eos,
1571 2526 1645 2600 &
1677 2527 1764 2600 ad
1791 2531 2014 2626 Hunc,

233 2626 444 2700 Illum
473 2624 709 2698 referri
741 2624 948 2722 posse.
1001 2623 1223 2718 Qiod
1256 2643 1486 2698 autem
1519 2623 1824 2718 adjuvat
1853 2630 2015 2701 atti-

235 2740 392 2814 net,
409 2746 449 2794 a
463 2746 605 2820 quo
621 2723 818 2795 Hunc
834 2723 1058 2815 Illum,
1074 2739 1345 2795 mutato
1359 2723 1575 2794 evehit
1591 2722 1665 2794 in
1679 2724 1907 2795 vehere
1923 2723 2012 2797 fi-

230 2822 329 2892 ne
357 2817 496 2889 uua
519 2817 951 2892 dubitatione
980 2819 1274 2917 pendere
1289 2819 1604 2892 adfirmas
1620 2870 1647 2910 ‚
1665 2817 1838 2891 illud
1851 2838 2012 2909 tuae

234 2913 614 2987 sententiae
643 2915 870 2988 obstat
911 2975 935 3010 ‚
985 2915 1174 3014 quod
1207 2940 1369 2988 cum
1421 2913 1629 2991 verba
1653 2917 1821 3010 simt
1865 2938 2017 3011 quos

125 3065 147 3074 -
232 3011 459 3085 verbo
473 3012 685 3106 juvat
702 3013 1034 3085 Horatius
1069 3009 1800 3110 praeposuerit,parum
1815 3035 2016 3086 com-
2133 3024 2137 3029 ’

238 3107 455 3180 mode
485 3158 513 3201 ‚
563 3109 758 3181 Hunc
789 3112 989 3183 Illum
1028 3108 1237 3183 verba
1277 3107 1394 3181 illa
1431 3108 1597 3204 sient
1625 3129 1774 3202 quos
1798 3111 2015 3202 juvat

240 3202 413 3276 subs
482 3223 843 3294 uerentur3
893 3203 1021 3279 nifi
1057 3225 1176 3278 aut
1187 3207 1442 3299 juvat,
1491 3222 1610 3276 aut
1641 3204 1825 3278 aliud
1858 3233 2043 3281 ver-.

236 3298 416 3373 bum
470 3325 606 3373 oco
639 3304 1047 3376 conveniens
1076 3301 1377 3376 disertim
1411 3322 1802 3399 poneretur.
1853 3300 1940 3377 N
1940 3331 2018 3379 e·

289 3420 380 3468 ue
427 3397 615 3469 enim
665 3400 1004 3472 concinne
1052 3399 1138 3473 ad
1181 3399 1386 3473 hunc·
1431 3397 1722 3474 modum
1766 3398 2014 3500 scribi,

236 3420 428 3576 gunt
460 3518 634 3595 quos
641 3497 858 3601 Juvat
894 3500 1172 3599 colligere
1204 3486 1540 3599 pulvehm
1574 3499 1973 3597 Olympicum
1986 3553 2014 3591 ,

1091 3640 1099 3646 -
1885 3617 2016 3669 me.
