2743 4378
779 388 934 526 302'
1120 355 2001 509 AmM'AnvERsss
2054 358 2197 484 m
2300 356 2311 361 ’

775 550 854 618 ὃ(
886 536 1494 644 fignificantiflirne
1542 535 1886 613 ostendit?
1928 532 2183 627 Adde,
2233 531 2428 633 quod
2454 546 2581 610 ne

770 641 994 714 ullum
1025 638 1303 737 quidem
1332 635 1627 710 verbum
1663 687 1691 728 ,
1739 632 1929 731 quod
1977 657 2209 705 rerum
2260 652 2569 706 contex⁶

769 741 915 831 tui,
964 754 1190 810 metro
1222 786 1247 828 ,
1297 733 1377 807 δε
1411 735 1709 807 numeris
1740 749 2012 831 praeter
2041 735 2255 823 vepris
2290 755 2587 825 conve--

767 837 948 927 niae,
997 832 1282 945 reperiri
1316 830 1569 930 potest.
1653 827 1967 901 Forsitan
2015 826 2198 899 dices
2231 826 2415 900 hanc
2452 853 2560 900 ra*

768 933 1036 1006 tionem
1072 931 1256 1004 illius
1287 977 1314 1021 ,
1365 954 1572 1028 quam
1621 944 1701 999 tu
1750 924 2052 1001 adtulisti
2082 974 2109 1016 ‚
2158 924 2352 996 haud
2383 918 2562 997 abfi-

767 1030 1012 1103 milem
1039 1029 1215 1121 effe,
1269 1024 1364 1098 fic
1399 1027 1585 1098 enim
1634 1021 1993 1123 scripfisti,
2042 1024 2164 1093 duo
2212 1021 2427 1094 Plinii
2478 1023 2558 1097 δεῖ

772 1129 1073 1202 Senecae
1120 1126 1262 1199 loci
1312 1125 1516 1197 verba
1560 1121 1784 1219 vepris
1844 1122 1929 1202 {9²
1986 1118 2195 1191 rubus
2243 1122 2556 1212 aptiffi‘me

770 1226 1059 1321 conjungi
1106 1226 1417 1297 indicantss
1511 1222 1741 1294 Immo
1791 1218 1969 1290 ratio
2017 1216 2136 1289 illa
2196 1216 2429 1290 nostra
2475 1217 2555 1291 δί

767 1323 948 1395 haec
984 1343 1102 1394 tua
1130 1320 1432 1393 multum
1465 1316 1815 1390 differunt.
1885 1314 2084 1386 Nam
2116 1338 2301 1412 pone
2330 1341 2369 1387 a
2400 1314 2554 1386 nul-

771 1418 845 1492 lo
874 1443 1208 1518 umquam
1241 1416 1548 1491 Austore
1582 1411 1789 1488 verba
1824 1417 2039 1507 vepris
2061 1410 2344 1486 &rubus
2357 1410 2575 1499 fuiss‘e

778 1515 1191 1613 conjun&a‚
1243 1519 1458 1609 vepris
1485 1534 1715 1586 tamen
1750 1513 1889 1584 hoc
1941 1510 2106 1583 loco
2145 1511 2384 1606 reponi
2414 1534 2555 1600 res,

765 1618 846 1697 in
879 1638 1011 1710 qua
1041 1610 1480 1685 describenda
1495 1611 1778 1683 Flaccus
1795 1604 2093 1682 versatur
2107 1654 2132 1698 ‚
2150 1604 2554 1704 postularet,

769 1709 1202 1807 praesertim,
1260 1711 1466 1806 quia,
1511 1728 1590 1779 ut
1620 1706 1836 1778 modo
1892 1705 2095 1794 dixi,
2143 1703 2369 1776 nullus
2400 1703 2553 1775 stu-

769 1827 887 1877 tex
922 1805 1314 1896 invenitur,
1364 1803 1506 1874 hoc
1554 1822 1860 1899 excepto
1897 1853 1927 1893 ‚
1973 1803 2081 1900 qui
2126 1801 2244 1871 hic
2288 1800 2548 1874 locum·

766 1898 1020 1973 habere
1039 1897 1288 1999 poffit:
1339 1897 1589 1972 deinde
1617 1918 1701 1972 ut
1744 1906 1964 1995 vepris
2006 1914 2363 1994 reponatur
2411 1906 2575 1970 tua'

764 1999 943 2070 ratio
973 1996 1220 2072 leviter
1249 1994 1524 2089 suadet,
1576 2023 1615 2070 e
1662 1999 2012 2070 contrario
2060 1993 2285 2068 nostra
2322 1993 2544 2068 vehe-

768 2115 1082 2189 menter,
1131 2098 1208 2171 &
1253 2096 1422 2169 huic
1470 2093 1599 2195 ipfi
1651 2092 2085 2195 adjungenda
2136 2093 2238 2166 est
2285 2092 2497 2165 altera
2516 2098 2573 2182 ,''

770 2220 945 2294 quae
976 2219 1064 2268 ex
1095 2197 1270 2286 Arte
1319 2193 1586 2266 Critica
1631 2196 1893 2292 petitur
1924 2224 1951 2279 3
2005 2192 2177 2263 haec
2225 2192 2416 2264 enim
2461 2189 2547 2263 ad

769 2312 1028 2366 veteres
1075 2290 1352 2365 codices
1413 2290 1856 2390 corrigendos
1924 2290 2295 2388 praecipue
2343 2288 2577 2362 valet.'

769 2391 991 2462 Ratio
1037 2411 1266 2461 autem
1323 2387 1591 2461 Critica
1638 2387 1738 2459 est
1779 2385 1973 2459 haec.
2018 2384 2331 2485 Qoties
2378 2386 2544 2458 duae

767 2487 1204 2581 reperiuntur
1248 2483 1573 2562 leffiones
1605 2535 1632 2575 ,
1687 2509 1976 2583 quarum
2021 2504 2266 2557 neutra
2308 2485 2542 2581 Scri-p-

768 2583 934 2652 toris
963 2578 1331 2652 sententiae
1361 2583 1692 2654 convenit
1735 2629 1761 2675 ,
1825 2607 1904 2654 ea
1948 2580 2346 2654 emendatio
2375 2606 2546 2677 pro-

766 2671 911 2749 bari
942 2675 1194 2769 debet,
1240 2701 1413 2774 quae
1441 2679 1539 2750 rei
1557 2730 1587 2770 ‚‚
1600 2701 1733 2777 qua
1761 2677 1847 2752 de
1877 2678 2151 2776 agitur,
2186 2679 2543 2777 congruit,

769 2773 1103 2872 simulque
1137 2774 1481 2873 originem
1537 2774 1817 2850 viriolae
1856 2772 2214 2874 'utriusque
2245 2775 2543 2873 scriptu-'-

768 2899 880 2945 rae
910 2872 1402 2971 deprehendit3
1455 2892 1526 2946 at
1556 2874 1843 2948 verbum
1873 2879 2089 2968 vepris
2119 2874 2196 2947 ὃ(
2213 2872 2551 2968 ostendit,

768 2971 951 3045 unde
981 2969 1187 3044 lestio
1214 2975 1427 3063 veris,
1477 2973 1554 3047 δε
1589 2971 1770 3050 unde
1805 2976 1966 3050 vitIs
2000 2988 2159 3043 nata
2187 2965 2309 3043 fit:
2366 2971 2538 3043 haec

767 3069 964 3142 enim
1016 3091 1159 3141 vox
1223 3068 1842 3168 Interpolatoribus
1909 3066 2214 3141 inaudita
2246 3120 2273 3160 ‚
2341 3068 2571 3158 alteri

768 3166 1042 3238 causam.
1113 3166 1380 3240 raebuit
1406 3192 1556 3239 earn
1587 3193 1626 3239 e
1657 3185 1996 3238 contextu
2041 3159 2364 3262 ejicienffi
2384 3218 2419 3264 ,‚
2461 3165 2543 3239 δί·

766 3263 941 3331 veris
969 3263 1043 3334 in
1092 3264 1342 3338 ucendi
1376 3298 1403 3351 ς
1455 3263 1700 3337 deinde
1752 3288 1840 3337 ne
1886 3257 2178 3336 verbum
2213 3264 2549 3336 inhorruit

764 3358 1197 3455 nominativo
1244 3360 1730 3434 destitueretur
1791 3362 1925 3434 Ad·
1960 3376 2228 3432 ventum
2284 3361 2358 3433 in
2391 3363 2550 3433 Ad-

762 3468 998 3550 ventu-5·
1020 3457 1332 3544 mutandi
1364 3489 1403 3546 31
1445 3481 1652 3554 quam
1705 3457 2074 3531 restionem
2122 3481 2347 3553 neque
2394 3456 2550 3531 sen-

767 3550 1018 3626 tentiae
1053 3571 1277 3651 neque
1304 3552 1686 3654 elegantiae
1717 3556 2137 3634 Horatianae
2166 3557 2556 3629 convenire

1620 3677 1625 3683 ·
2441 3672 2561 3724 res
