2743 4378
803 477 1045 575 f‘errem
1072 471 1358 542 animum
1389 466 1484 542 ad
1505 492 1613 541 eas
1631 465 2120 564 prepugmndas
2151 524 2175 560 ‚
2223 489 2412 563 quam
2437 471 2552 540 im*

798 568 1176 663 pugnaudas
1214 573 1695 663 propenstorem.
1789 566 1889 649 Et
1923 588 2066 639 cum
2108 565 2452 641 humanum
2478 566 2553 658 fit

808 686 1079 756 errare,
1128 670 1386 759 cumque
1405 668 1648 737 erroris
1673 661 1999 760 castigatio
2030 681 2153 755 per
2183 661 2266 758 se
2312 661 2448 758 ipfit
2469 665 2559 753 fit

808 761 1035 845 acerba
1067 810 1099 861 2
1146 762 1516 849 humanitas
1567 764 1811 845 omnino
1844 759 2130 854 postulat
2149 811 2204 852 ,,,
2226 775 2302 832 ut
2329 760 2557 833 acerbi-

806 871 913 943 tas
972 859 1451 953 reprehensionis
1520 861 1784 933 lenitate
1862 861 2170 939 orationis
2229 861 2563 952 mitigetur,

809 953 945 1026 Sed
970 959 1122 1049 quia
1169 981 1291 1028 non
1330 960 1452 1047 nisi
1486 955 1771 1050 modestis
1804 976 1881 1026 ac
1912 956 2285 1027 verecundis
2323 959 2559 1026 Aucto-

806 1051 984 1121 ribus
1014 1052 1128 1125 hoc
1158 1050 1430 1155 officium
1459 1054 1674 1125 deberi
1682 1052 1967 1142 sciebam
1997 1103 2023 1145 ,
2073 1075 2150 1125 ne
2195 1077 2263 1137 eo
2315 1074 2461 1146 erga
2501 1064 2562 1120 te

793 1145 1106 1243 fungerer
1123 1200 1149 1242 ,
1196 1163 1315 1221 tua
1341 1208 1364 1241 ‚
1408 1150 1614 1245 (quod
1643 1150 1833 1220 valde
1863 1149 2072 1235 doleo)
2106 1148 2438 1242 prohibuit
2465 1151 2565 1218 inq

803 1250 980 1339 genii
1013 1246 1097 1327 ἐξ
1133 1248 1505 1325 eruditionis
1518 1247 1853 1338 jaHantia
1884 1248 2320 1325 intolerabilis.
2371 1246 2562 1347 Qa-

807 1365 880 1412 re
911 1392 937 1433 ‚
989 1369 1128 1415 cum
1162 1348 1230 1415 in
1263 1344 1378 1417 hoe
1411 1344 1614 1418 Libro
1660 1348 1912 1418 mitiore
1947 1344 2118 1438 stilo
2144 1346 2277 1428 uti,
2334 1342 2407 1412 id
2441 1341 2565 1434 est,

809 1462 1055 1510 errores
1078 1456 1220 1510 tuos
1246 1444 1464 1510 verbis
1486 1458 1825 1511 extenuare
1847 1443 1932 1519 ἐξ
1947 1440 2240 1530 excusare
2256 1460 2378 1528 per
2390 1454 2565 1509 tuam

819 1541 1263 1627 arrogantiam
1293 1536 1457 1607 mihi
1482 1559 1618 1609 non.
1649 1539 1864 1607 liceret
1894 1584 1920 1624 ,
1973 1534 2322 1628 cogitabam
2367 1535 2566 1627 majus

817 1653 899 1701 ac
939 1631 1371 1721 praestantius
1422 1655 1648 1703 munus
1675 1629 1983 1722 futurum
2016 1681 2042 1720 ‚
2070 1634 2139 1720 st
2183 1636 2570 1702 contrariam

795 1724 1126 1820 scribendi
1168 1731 1481 1819 rationem
1527 1730 1813 1823 eligerem
1848 1778 1875 1818 ‚
1939 1728 2014 1799 id
2039 1726 2124 1820 est
2153 1778 2180 1818 ‚
2213 1727 2279 1820 fl
2310 1743 2573 1819 peccata

811 1838 931 1901 tua
948 1820 1096 1915 ficis
1124 1824 1370 1917 depicta
1400 1827 1701 1897 coloribus
1728 1825 1853 1893 tibi
1882 1825 1970 1897 ob*
1998 1826 2197 1896 oculos
2237 1843 2523 1914 ponerem
2537 1855 2568 1910 i

712 1938 717 1941 ·
792 1922 897 2012 sic
923 1932 1179 2013 tamen,
1230 1936 1305 1991 ut
1335 1925 1541 1993 oratio
1575 1920 1785 2011 nostra
1814 1945 1858 1990 a
1895 1923 2284 1994 contumeliis
2313 1921 2570 2012 abeffl’t,

810 2017 1113 2109 intraque
1156 2017 1374 2110 justae
1434 2019 1916 2112 reprehenfionis
1963 2019 2125 2109 fines
2172 2015 2513 2110 consisteret
2544 2068 2571 2107 ‚

811 2135 1003 2206 neque
1051 2116 1397 2212 quidquam
1461 2113 1828 2212 asperitatis
1890 2113 2259 2207 admisceret
2306 2161 2332 2202 ,
2414 2113 2582 2206 quod

808 2232 1099 2286 errorum
1147 2215 1461 2305 pravitas
1492 2263 1518 2301 ,
1578 2236 1655 2284 ac
1696 2212 2037 2303 vaniffi'ma
2090 2211 2390 2306 gloriatio
2449 2232 2572 2281 non

813 2307 1222 2399 extorft’rint.
1317 2305 1550 2411 ,Quam
1591 2312 1996 2403 praeclarum
2039 2303 2257 2392 autem
2272 2357 2297 2396 ‚
2347 2328 2577 2401 quam-1

812 2425 931 2494 que
945 2402 1353 2498 fructuosum
1373 2407 1472 2496 stt
1516 2407 1629 2478 hoc
1670 2429 1934 2495 munus,
1985 2430 2101 2496 quo
2134 2419 2196 2473 te
2211 2403 2425 2495 ferire
2456 2428 2573 2475 vo-.

810 2499 949 2586 lui,
1000 2522 1079 2564 ex
1110 2523 1177 2568 eo
1201 2500 1413 2590 facile
1442 2500 1743 2591 cognosces
1773 2548 1801 2576 .
1849 2500 2017 2590 quod
2056 2498 2150 2568 ad
2176 2497 2459 2569 morbum
2488 2502 2575 2570 il-

812 2594 949 2663 lum
977 2595 1179 2664 animi
1207 2643 1234 2683 ‚
1282 2616 1401 2687 quo
1434 2592 1832 2664 vehementer
1877 2608 2166 2689 aegrotas
2194 2644 2220 2683 ‚
2268 2592 2577 2688 depellem

814 2688 969 2775 dum
983 2684 1293 2777 efficacior
1321 2688 1631 2768 medicina
1661 2692 1937 2761 inveniri
1963 2715 2083 2762 non
2101 2689 2284 2782 pofflt
2301 2741 2327 2780 ‚
2376 2716 2578 2785 quam

812 2807 977 2878 quae
1042 2788 1526 2872 immoderatam
1586 2801 1769 2860 tuam
1814 2786 2215 2880 jactantiam
2262 2811 2401 2884 cum
2464 2794 2571 2866 in-

675 2980 683 2993 .
797 2881 1079 2976 fiieatia
1099 2935 1125 2976 ,
1158 2908 1349 2979 neque
1382 2908 1460 2956 ea
1494 2885 1788 2956 mediocri
1807 2940 1834 2982 2
1866 2884 1982 2980 ff
2016 2886 2404 2978 conjunffl‘am
2449 2887 2582 2957 tibi

817 2979 1125 3071 ostendat.
1198 2985 1367 3061 Noli
1402 2973 1554 3086 vero
1592 2995 1827 3075 putare
1873 2981 1965 3076 V.
1997 2983 2055 3052 C
2057 2967 2102 3053 l.
2151 3006 2246 3054 me
2284 2997 2470 3053 tuam
2503 2987 2577 3054 in

817 3080 992 3162 Arte
1026 3079 1275 3162 Critica
1293 3077 1634 3172 scientiam
1677 3104 1755 3152 ex
1802 3080 1890 3149 eis
1919 3130 1945 3167 ‚
2022 3100 2182 3173 quae
2217 3080 2579 3174 incredibili

818 3176 1182 3252 temeritate
1214 3178 1437 3253 multis
1475 3178 1545 3245 in
1575 3178 1724 3246 locis
1751 3172 1950 3268 effudi
1999 3179 2028 3254 i
2063 3225 2087 3265 ,
2136 3175 2352 3250 metiri
2382 3206 2412 3259 ᾗ
2463 3200 2579 3248 eas

816 3270 987 3352 enim
1018 3270 1237 3342 Notas
1261 3270 1674 3364 confutandas
1697 3271 1884 3366 splegi
1913 3302 1964 3360 ‚·
1987 3270 2215 3363 quibus
2238 3271 2586 3364 elaboran-

815 3363 918 3452 dis
944 3363 1257 3449 fitmmam
1288 3370 1737 3468 attentionem,
1787 3366 2105 3463 omnesque
2135 3369 2371 3464 ingenii
2383 3373 2581 3464 *vires

810 3455 981 3549 „mihi
1009 3461 1333 3555 videbaris
1363 3466 1730 3562 eamme..

2301 3563 2581 3664 ⁴Qum-2
