2743 4378
661 380 818 483 ‘156
1014 370 1888 450 ANIMADVERS.
1952 369 2092 457 IN

826 531 986 580 om:
1039 529 1199 576 nam
1231 506 1306 575 in
1339 504 1613 599 Virgilii
1647 503 1793 574 Ecl.
1825 502 1923 572 II
1975 517 2170 597 atque
2197 498 2447 601 super-4

791 609 941 700 pati
969 600 1253 698 fastidia
1284 651 1310 691 ‚
1360 603 1549 673 codex
1601 598 2054 694 antiqaiffimus
2098 601 2447 674 Romanus

668 705 860 774 habet
922 699 1204 795 superva
1266 697 1417 790 teste
1475 698 1721 769 Pierio.
1815 696 2039 792 Atqui
2088 693 2441 789 stiperbom

662 796 1091 896 temporibus
1136 794 1420 866 Horatii
1467 817 1612 864 non
1640 788 1918 864 solitum
1950 788 2149 862 scribi
2180 810 2279 864 :ut
2312 818 2437 865 ae-

661 921 813 969 vom
858 918 946 965 ex
995 889 1475 982 Quinctiliano
1518 886 1787 961 constat
1831 939 1857 979 ‚
1924 885 2021 959 fic
2071 888 2256 959 enirn
2310 888 2437 962 illc

666 991 833 1065 lnst.
880 991 1096 1063 Orat.
1154 985 1315 1060 Lib.
1370 987 1430 1058 I.
1479 1010 1545 1057 e.
1603 1010 1669 1080 7.
1733 984 1965 1077 Nostri
1997 1000 2441 1077 praeceptores

665 1111 928 1161 cervum
947 1084 1216 1180 sirvum
1264 1107 1350 1154 ue
1367 1134 1393 1174 ‚
1441 1083 1542 1153 ita
1582 1078 1951 1178 legendum
1998 1105 2142 1153 non
2174 1106 2437 1154 cervom

651 1185 1052 1280 ftrvomque
1068 1232 1094 1273 ,
1141 1204 1191 1250 u
1223 1180 1306 1258 θ’
1340 1205 1386 1250 o
1418 1183 1622 1251 literis
1650 1176 2043 1271 scripserunt
2058 1230 2084 1269 ‚
2101 1182 2252 1272 quia
2264 1177 2435 1272 stab-

653 1283 835 1376 jeila
849 1282 984 1374 sthi
1029 1281 1267 1349 vocalis
1309 1279 1380 1347 in
1417 1300 1611 1346 unum
1642 1273 1873 1368 sonum
1923 1276 2288 1367 coalescere,
2340 1275 2435 1355 &²

673 1377 973 1472 confundi
1033 1379 1313 1469 nequiret
1348 1398 1377 1444 :
1437 1397 1598 1445 nunc
1648 1395 1698 1441 u
1739 1373 1991 1467 gemina
2032 1370 2444 1463 scribuntur.

676 1473 1010 1548 Similiter
1042 1466 1433 1559 Charifiu3‚
1484 1463 1762 1552 Putsch.
1804 1467 2438 1563 Grammatt4vett.

673 1568 812 1646 col.
851 1592 966 1663 57.
1012 1567 1239 1661 seruus
1282 1623 1305 1654 ‚
1354 1589 1572 1636 ceruus
1605 1615 1631 1655 ‚
1699 1567 1926 1659 vulgus
1969 1590 2014 1636 a
2061 1563 2441 1659 quibusdam

663 1688 784 1758 per
815 1686 861 1734 u
898 1664 983 1743 ἐξ
1016 1687 1062 1733 0
1096 1659 1561 1751 (scribuntur,
1596 1665 1627 1747 )
1676 1662 1973 1734 videlicet
2003 1714 2029 1755 ‚
2079 1666 2232 1756 quia
2266 1661 2439 1734 duae

672 1762 951 1849 vocales,
1003 1772 1080 1825 ut
1108 1780 1300 1828 unam
1318 1755 1639 1848 syllabam
1652 1757 1921 1850 faciant
1936 1810 1962 1850 ‚
2010 1782 2131 1829 non
2149 1759 2443 1850 poffunt:

653 1855 780 1951 fid
794 1876 910 1946 per
944 1851 1086 1923 duo
1116 1877 1165 1922 u
1174 1852 1380 1943 scribi
1414 1854 1639 1924 debent
1660 1911 1683 1942 ‚
1732 1858 1885 1948 quia
1933 1856 2017 1935 ἐξ
2036 1861 2136 1948 fic
2157 1853 2386 1944 fimant
2405 1906 2437 1946 ‚

673 1951 757 2032 (ὃ
787 1951 1173 2044 ambiguitas
1206 1946 1461 2033 casuum
1493 1952 1745 2021 tollitur
1778 2008 1801 2041 ‚
1855 1955 1933 2029 ῤ’
1983 1976 2178 2022 unum
2204 1975 2254 2021 u
2304 1954 2435 2024 loco

673 2045 1060 2142 consonantis
1094 2050 1421 2139 accipitur.
1510 2047 1668 2139 Jam
1717 2048 1792 2119 in
1837 2072 2013 2120 voce
2044 2047 2431 2142 fiaeperbum‚

675 2169 839 2218 cum
871 2144 1012 2216 duo
1046 2168 1089 2215 u
1124 2168 1266 2216 non
1298 2144 1772 2236 inveniantur,
1825 2169 1870 2216 u
1915 2144 1989 2217 in
2032 2169 2065 2215 ο
2114 2144 2432 2240 vertendi

676 2242 868 2316 causa
899 2266 1042 2314 non
1073 2240 1226 2313 fuit.
1315 2243 1669 2314 Praeterea
1699 2242 1986 2314 Scaurus
2015 2241 2089 2314 &
2119 2240 2435 2315 Victori-

677 2365 804 2413 nus
837 2337 1015 2436 apud
1032 2336 1432 2411 Putschium
1463 2337 1599 2412 col.
1628 2360 1820 2434 2252
1851 2390 1878 2431 ‚
1928 2338 2005 2411 ὅτ.
2039 2338 2174 2411 col.
2205 2362 2432 2438 2454.

679 2437 958 2513 tradunt
1006 2436 1226 2517 literas
1273 2438 1312 2507 b
1378 2435 1452 2508 &
1504 2458 1557 2529 p
1619 2436 1812 2509 vocis
1874 2433 2040 2507 sono
2108 2434 2232 2508 fibi
2293 2437 2429 2509 effe

678 2535 1025 2628 proximas
1073 2563 1099 2617 3
1188 2531 1263 2602 δί
1311 2532 1817 2623 Quinctilianus
1882 2531 2048 2604 Inst.
2114 2533 2314 2605 Orat.
2379 2532 2434 2604 l.

683 2651 714 2700 ι
732 2682 749 2697 .
815 2650 877 2698 e.
947 2649 1012 2722 7.
1080 2628 1342 2725 ‚Quaeri
1382 2629 1549 2721 solet
1608 2632 1678 2700 in
1719 2629 2051 2721 scribendo
2104 2635 2430 2734 praepqfiq

677 2727 870 2795 tiones
916 2723 1148 2817 sonum
1198 2772 1222 2813 ,
1303 2748 1483 2817 quem
1541 2724 1806 2819 junHae
1871 2724 2163 2816 'efficiunt
2214 2778 2241 2819 ‚
2282 2757 2288 2763 ·
2340 2750 2432 2797 an

677 2844 858 2915 quem
887 2817 1230 2911 separatae
1248 2871 1274 2910 ‚
1325 2819 1656 2913 observare
1720 2827 2050 2894 conveniat
2087 2873 2113 2914 ‚
2165 2838 2242 2894 ut
2286 2847 2432 2894 cum

680 2919 814 2990 dico
841 2915 1166 2989 obtinuit.
1264 2917 1612 3007 Secundam
1642 2924 1807 2989 enim
1850 2917 1899 2989 b
1954 2922 2210 2992 literam
2257 2924 2431 2996 ratio.

668 3012 905 3108 pfiit,
954 3037 1141 3085 aures
1168 3038 1270 3083 ma
1309 3019 1365 3085 is
1393 3017 1665 3086 audiunt
1697 3041 1744 3113 p
1773 3046 1798 3099 3
1851 3013 2073 3087 literas
2110 3034 2351 3088 autem.
2384 3017 2429 3085 b

680 3107 758 3179 δε
786 3136 829 3179 u
859 3109 1024 3183 sono
1057 3110 1234 3181 inter
1264 3039 1328 3184 ige
1376 3131 1697 3209 cognatas
1750 3110 1879 3183 effe
1921 3135 2129 3184 nemo
2161 3163 2187 3204 ‚
2239 3109 2430 3208 quod

678 3200 879 3278 sciam
901 3259 926 3298 ‚
977 3206 1274 3278 tradidit.
1371 3207 1630 3305 Neque
1658 3233 1824 3281 vero
1855 3232 1966 3280 me
1996 3207 2171 3280 fallit
2205 3207 2428 3280 Grae-

673 3320 805 3368 ·cos
838 3301 1187 3373 Librarios
1219 3354 1245 3394 ‚
1343 3307 1455 3376 uia
1495 3308 1534 3375 b
1568 3305 1643 3377 ὃς
1674 3331 1716 3376 u
1751 3304 1997 3377 eodem
2045 3303 2213 3378 sono
2257 3302 2426 3378 effe·

681 3391 998 3485 rebant,b
1031 3396 1193 3468 loco
1225 3423 1268 3469 u
1296 3329 1376 3471 ἓ(

669 3486 870 3565 libris
928 3488 1382 3568 describendis
1444 3495 1686 3572 crebro
1716 3534 1725 3539 ·
1750 3497 2055 3599 posuisse.
2146 3498 2433 3610 Quibus

669 3646 682 3654 .
2248 3615 2438 3679 vitus

1349 3422 1350 3425 ’
1396 3399 1684 3474 vicissim
1712 3428 1756 3473 u
1788 3401 1950 3475 loco
1982 3404 2021 3472 b
2053 3402 2127 3475 in
2159 3402 2457 3475 Latinis-
