2743 4378
275 406 752 496 nomin
803 405 1255 493 BENTL.
1305 405 1501 491 cn.
1535 401 1713 489 xv.
1795 423 1947 512 273

139 537 399 613 eadem
431 535 816 612 observatio
838 537 1045 638 jubet
1083 543 1358 614 volucris
1395 563 1559 613 cum
1586 539 1804 614 verbo
1828 538 1947 632 fa·

149 640 216 708 ti
243 637 502 739 jungi;
546 659 716 734 quae
750 636 1172 710 constmffio
1207 657 1527 733 tanquam
1560 640 1786 711 minus
1819 637 1945 708 tri·

150 750 226 806 ta
263 731 385 805 dis
422 734 623 805 licuit
653 733 1183 833 Interpolatori‚
1236 735 1310 807 &
1341 736 1408 808 ei
1452 734 1710 832 placuit
1757 738 1946 806 volu·-

143 854 286 903 cres
445 833 588 906 alas
621 827 855 902 referri
891 872 918 923 ,
969 855 1110 926 quo
1142 830 1316 902 nihil
1348 831 1447 902 est
1486 835 1713 904 notius
1751 857 1767 902 :
1822 854 1947 901 vet·

144 949 318 1000 rum
354 930 637 999 volucris
671 923 795 997 fati
827 928 901 1000 &
939 927 1149 1025 longe
1190 925 1290 998 est
1325 927 1699 1026 elegantius
1745 928 1819 1001 δε
1853 925 1942 999 fi*

256 1024 476 1096 ratius
515 1049 542 1111 3
613 1020 688 1095 ὅτ.
734 1021 818 1094 ad
883 1024 1061 1095 hanc
1106 1020 1473 1096 lechonem
1542 1023 1945 1097 firmandam

202 1119 353 1192 aud
391 1143 634 1218 parum
673 1119 855 1192 valet
870 1161 896 1213 5
947 1118 1138 1218 quod
1171 1137 1252 1193 tu
1289 1170 1314 1210 ‚
1364 1137 1485 1192 aut
1530 1121 1763 1217 potius
1813 1121 1944 1192 Fa-

141 1214 420 1288 bricius
438 1268 464 1307 ,
515 1215 852 1288 adnotasti
882 1216 968 1289 ad
1004 1214 1238 1289 Carni·
1284 1215 1420 1287 III.
1456 1216 1552 1287 II.
1587 1220 1699 1311 qui
1731 1215 1945 1289 Cere*

141 1315 247 1387 ris
263 1312 540 1406 fhcrum
569 1317 852 1408 volgarit
885 1335 1189 1385 arcanae.
1262 1312 1410 1385 Ubi
1444 1329 1524 1383 tu
1541 1359 1566 1403 ‚
1607 1334 1800 1405 porro
1832 1313 1943 1404 est,

137 1408 248 1480 nis
267 1459 296 1499 ‚
353 1414 467 1502 qui
500 1412 817 1503 legendum
831 1441 834 1444 >
848 1426 1140 1482 autumet
1170 1406 1435 1481 sacrum
1464 1432 1834 1496 arcanum5
1869 1409 1949 1483 ὃς

144 1504 228 1576 id
265 1504 623 1585 benedici
656 1506 892 1581 multis
934 1505 1261 1603 exemplis
1277 1557 1303 1597 ‚
1339 1504 1451 1578 sed
1480 1529 1626 1576 non
1655 1503 1948 1579 necess‘ae·

144 1602 270 1673 riis
289 1645 317 1693 9
371 1600 827 1675 demonstras:
884 1604 1033 1701 quis
1061 1603 1246 1676 enim
1260 1603 1462 1698 sacra
1491 1625 1732 1673 arcana
1760 1599 1951 1675 recte

140 1697 298 1770 dici
335 1696 554 1772 nescit
588 1700 624 1770 Ρ
674 1698 944 1772 Verum
993 1698 1158 1773 scite
1207 1698 1492 1796 adjicis3
1544 1700 1754 1771 Nihil
1795 1722 1948 1772 mu·

137 1795 448 1867 tandum.
550 1799 738 1869 Nam
768 1799 934 1868 idem
962 1802 1139 1869 valet
1171 1794 1454 1869 arcanae
1490 1847 1515 1887 ‚
1565 1819 1644 1867 ac
1658 1801 1717 1891 st
1750 1819 1942 1868 arca·

148 1915 331 1964 num
375 1894 670 1986 dixiffet,
722 1893 805 1972 ξεῖ
860 1894 945 1985 est
980 1896 1358 1989 figuratius.
1453 1892 1660 1966 Nota
1707 1914 1943 1969 autem

142 1985 518 2077 Fabricii,
567 2012 608 2057 a
658 2007 732 2058 te
781 2012 928 2058 non·
976 1990 1313 2059 nominati
1342 2039 1369 2078 ,
1421 1986 1514 2057 fic
1565 1988 1630 2057 se
1680 1989 1931 2062 habetz

146 2084 435 2155 Cereris
468 2080 769 2154 arcanae.
818 2084 1004 2153 Haec
1034 2086 1371 2155 communis
1404 2086 1580 2153 lebria
1606 2129 1643 2171 ‚-
1679 2085 1760 2163 ἐρ’
1786 2090 1941 2176 poe..

143 2185 287 2252 tica
306 2229 338 2272 ‚
388 2202 529 2250 cum
568 2175 896 2250 Cererem
926 2194 1115 2249 vocat
1148 2202 1463 2250 arcanam
1484 2231 1503 2262 ,
1552 2176 1722 2270 cujus
1739 2179 1940 2273 sacra

145 2300 404 2349 arcana
435 2273 626 2369 sunt.
729 2275 910 2346 Unde
955 2279 1160 2346 minus
1195 2278 1410 2368 placet
1451 2271 1713 2345 sacrum
1757 2297 1944 2347 arca·

146 2397 370 2446 num:
423 2372 541 2444 hoc
569 2375 735 2441 enim
756 2374 1062 2463 populare
1098 2376 1309 2442 nimis.

142 2512 156 2521 -
270 2468 360 2541 N
363 2490 504 2540 unc
527 2466 616 2539 ad
643 2467 924 2539 altemm
968 2486 1156 2540 tuam
1193 2458 1459 2540 accedo
1493 2458 1951 2539 Emendatio·

145 2588 325 2637 nem
347 2616 373 2656 ‚
393 2586 598 2662 quam
640 2566 727 2635 in'
745 2563 937 2637 nullo
969 2564 1214 2636 codice
1242 2587 1545 2660 unquam
1578 2564 1961 2639 inventum·

143 2660 242 2734 iri
286 2662 637 2735 existimo.
688 2660 923 2733 Carm.
959 2661 1123 2734 Lib.
1157 2662 1220 2734 Ι.
1257 2660 1317 2734 Ι.
1350 2685 1418 2733 v.
1452 2684 1526 2757 5.

146 2799 157 2811 ·
348 2777 633 2831 Terrarum
658 2770 888 2833 doru'ms
917 2757 1162 2832 eveh'ere
1191 2773 1264 2830 ad
1292 2779 1447 2830 Deos.

162 2854 265 2931 Et
299 2876 387 2929 ut
418 2859 516 2929 ita
546 2857 827 2931 sentiam
850 2917 870 2948 ,
890 2858 1060 2930 illud
1094 2883 1206 2931 me
1235 2875 1500 2951 movet,
1566 2850 1710 2931 uod
1744 2847 1943 2957 incp-

155 2955 221 3024 ti
250 2953 700 3028 concitores
718 3008 744 3048 .,
797 2954 1380 3028 confla-uc'fionem
1410 2981 1530 3028 ver
1580 2978 1782 3027 orum
1804 2957 1945 3029 mi·

155 3073 296 3122 nus
330 3070 573 3123 notam
605 3052 679 3123 in
707 3054 1057 3125 notiorem
1092 3072 1355 3124 mutare
1388 3051 1886 3125 consueverunt
1901 3080 1933 3142 ς

153 3167 409 3221 notam
439 3171 606 3219 vero
642 3148 715 3219 in
746 3151 969 3221 minus
988 3168 1223 3220 notam
1242 3174 1386 3219 non
1401 3151 1564 3220 item
1575 3150 1743 3244 ‚Jam
1758 3149 1934 3221 haec

153 3242 548 3317 verborum
566 3242 960 3318 consecutio
969 3251 1192 3337 palma
1208 3248 1432 3318 nobilis
1462 3248 1679 3317 evehit
1695 3243 1795 3317 est
1811 3270 1941 3318 no·

151 3339 421 3414 ftiffima
436 3392 480 3432 ,γ
511 3342 719 3414 altera
735 3392 761 3433 ,
776 3344 1001 3422 nobilis
1027 3342 1288 3421 evehere
1315 3341 1527 3441 longe
1555 3343 1779 3414 minus
1809 3367 1942 3416 no-

155 3452 242 3508 ta
257 3437 389 3526 est3
408 3440 488 3514 δε
504 3436 767 3531 idcirco
785 3463 872 3511 ne
890 3440 1011 3512 ulli
1076 3438 1306 3512 uidem
1327 3438 1941 3538 Interpolatorum‚

151 3536 152 3539 ’
170 3552 250 3611 ut
266 3532 455 3634 dixi,
473 3534 549 3613 in
560 3554 868 3615 mentem
882 3537 1039 3618 veni
1090 3535 1561 3707 {credendum
1586 3565 1603 3615 z
1623 3535 1812 3636 quod
1825 3534 1946 3606 auss-

1313 3672 1316 3675 -
1807 3648 1954 3699 tem
