2743 4378
720 383 881 473 ‘uo
1007 427 1014 431 -
1065 384 1939 480 ANIMADVERs.
1990 386 2132 463 IN

723 534 875 587 rum
892 508 1176 582 virtutes
1191 503 1365 576 duae
1384 499 1517 574 fint
1534 527 1558 591 3
1606 523 1741 574 una
1755 549 1783 593 ,
1814 519 1894 574 ut
1909 501 2278 577 verborum
2293 497 2477 577 bene

719 605 1097 682 sonantium
1131 598 1390 672 dileetu
1422 594 1501 670 &
1529 615 1691 696 apta
1720 596 1977 696 pedum
2010 598 2476 674 collocatione

717 726 904 776 aures
919 699 1278 799 voluptate
1294 692 1597 768 afficiant
1616 720 1632 767 τ
1652 694 1861 769 altera
1874 747 1902 789 ,
1929 714 2009 768 ut
2026 697 2292 770 numeri
2307 695 2481 796 ipsas

714 823 816 875 ree
832 798 1193 873 imitentur
1207 847 1233 889 ,
1249 794 1393 866 hoc
1408 790 1536 882 est,
1550 811 1633 865 ut
1648 790 1873 867 verbis
1888 816 2264 893 eorumque
2281 794 2482 867 ‘unc-

714 892 1230 986 turaefficiant,
1258 909 1341 965 ut
1370 914 1475 962 res
1503 914 1645 963 non
1661 889 1911 963 narrari
1926 889 2237 966 videatur
2279 888 2366 963 ed
2384 889 2480 964 ob

716 991 956 1067 oculos
972 992 1142 1090 poni
1165 1018 1189 1081 3
1220 985 1593 1062 dicendum
1605 984 1703 1060 est
1721 987 2097 1061 Horatium
2112 989 2230 1060 hic
2248 991 2482 1062 ranam

718 1090 1030 1163 maximo
1046 1088 1192 1168 nisu
1224 1083 1290 1159 se
1306 1086 1562 1158 iterum
1579 1081 1653 1157 δί
1671 1084 1923 1158 iterum
1945 1082 2323 1158 sufflantem
2339 1135 2363 1177 ‚
2396 1085 2475 1159 δε

719 1185 816 1260 itt
831 1185 1221 1287 periculum
1240 1179 1370 1255 sese
1393 1177 1758 1282 rumpendi
1771 1180 2136 1256 adeuntem
2155 1181 2348 1255 velut
2362 1179 2481 1255 sub

720 1282 1072 1384 aspeflmm
1103 1278 1388 1357 voluiss‘e
1415 1276 1790 1375 subjicere;
1837 1277 2027 1377 quod
2056 1273 2121 1351 se
2149 1277 2480 1352 affecutu-

722 1403 881 1454 rum
897 1379 1168 1479 putavit
1184 1433 1209 1473 ,
1245 1374 1299 1450 fi
1313 1373 1619 1460 caesurae
1634 1376 1926 1475 gratiam
1944 1376 2327 1476 negligeret
2342 1429 2370 1469 ‚
2404 1379 2481 1453 ὃς

725 1476 1002 1552 cursum
1021 1474 1242 1552 versus
1259 1526 1287 1566 ,
1336 1492 1419 1545 ut
1435 1475 1533 1545 i‘ta
1564 1471 1831 1565 dicam,
1881 1492 2269 1571 rumperet,
2322 1491 2403 1545 ut
2431 1474 2485 1546 is

724 1585 871 1648 'non
885 1573 1202 1647 incedere
1229 1569 1339 1642 sed
1373 1569 1445 1642 id
1477 1567 1743 1641 summo
1775 1566 1923 1641 nisu
1956 1571 2188 1643 conari
2222 1566 2486 1643 videre·

725 1689 844 1746 tur
860 1696 879 1741 τ
897 1689 1104 1769 atque
1118 1671 1296 1741 hanc
1312 1689 1758 1740 numerorum
1774 1667 2133 1758 virtutem,
2151 1687 2322 1764 quae
2329 1667 2486 1767 jure

776 1766 977 1839 rimas
1010 1765 1281 1838 obtinet
1308 1814 1335 1856 ‚
1384 1782 1469 1836 ut
1496 1763 1818 1837 Homero
1850 1760 1924 1836 δί
1952 1762 2260 1864 Virgilio
2288 1786 2489 1837 curae

721 1791 916 1936 fuisse
928 1861 1350 1935 notiffimum
1366 1858 1465 1931 est
1487 1908 1514 1950 ,
1560 1859 1657 1933 ita
1685 1883 1789 1931 res
1819 1857 1981 1958 ipfis
1998 1861 2298 1935 numeris
2331 1862 2482 1958 qui·

722 1956 1000 2033 busdam
1034 1960 1110 2031 in
1141 1957 1311 2030 locis
1355 1975 1617 2029 veteres
1656 1957 1849 2030 Inter
1899 1976 2074 2031 retes
2109 1958 2488 2031 Horatium

723 2054 1102 2155 expressisse
1117 2051 1763 2127 animadverterunt.
1893 2080 1931 2128 e
1948 2079 2082 2153 qua
2095 2057 2354 2129 virtute
2369 2105 2396 2147 ‚
2414 2052 2489 2129 &

722 2150 811 2226 de
839 2152 1269 2253 quorundam
1301 2148 1615 2225 versuum
1633 2151 1916 2225 Horatii
1946 2153 2491 2229 inconcinnitate

724 2250 884 2329 vide
904 2252 1139 2326 Notas
1155 2250 1413 2324 nostras
1431 2250 1505 2321 in
1523 2248 1923 2323 Horatium.

824 2348 1011 2423 Illud
1023 2347 1182 2422 deni
1232 2371 1320 2419 ue
1333 2364 1820 2444 argumentum
1852 2345 2314 2422 emendationi
2336 2346 2489 2423 nos-

728 2464 875 2518 trae
893 2472 1038 2519 non
1052 2372 1247 2518 obell
1263 2496 1289 2535 ‚
1337 2443 1527 2541 quod
1560 2444 1740 2515 inter
1754 2440 2157 2540 scripturam
2175 2445 2371 2518 verbi
2385 2448 2486 2519 di·

725 2545 917 2614 midio
949 2546 1026 2616 &
1043 2539 1416 2637 particulae
1430 2540 1575 2611 dein
1595 2541 1971 2637 perexigua
1986 2540 2084 2612 est
2117 2545 2446 2640 cognatio
2461 2576 2489 2630 5

725 2640 804 2714 δε
832 2636 1095 2708 idcirco
1131 2638 1276 2705 dein
1310 2634 1383 2705 in
1427 2636 1571 2729 ejus
1609 2635 1847 2707 locum
1876 2661 2019 2709 non
2052 2636 2231 2710 recte
2250 2635 2492 2711 substi-

726 2734 853 2806 tui.
954 2731 1313 2825 Qoniam
1347 2729 1883 2826 Interpolatores
1916 2758 2081 2806 cum
2114 2733 2323 2808 verba
2338 2759 2493 2809 mu-

727 2825 1234 2923 tant‚sensum‚
1267 2850 1474 2924 quem
1508 2827 1589 2899 iis
1620 2829 1990 2901 convenire
2020 2850 2268 2929 putant
2287 2885 2312 2924 ‚
2360 2857 2490 2932 po-

726 2929 863 3001 tius
914 2950 1124 3038 quam
1175 2925 1545 3022 scripturae
1593 2926 2020 2999 vicinitatem
2067 2926 2445 3027 respiciunt
2460 2961 2487 3016 3

727 3023 919 3122 quod
934 3026 1040 3117 fis,
1055 3025 1175 3123 qui
1193 3041 1451 3096 veteres
1466 3020 1676 3093 libros
1687 3040 1949 3095 attente
1963 3022 2037 3095 δί
2055 3047 2219 3098 curn
2225 3025 2493 3124 judicio

726 3121 1075 3215 versarint,
1096 3145 1238 3193 non
1253 3119 1691 3218 incognitum
1710 3118 1992 3210 est‚ffhoc
2007 3144 2080 3192 ar
2181 3141 2495 3202 mentum

728 3214 818 3288 ad
844 3219 1393 3291 emendationem
1415 3213 1934 3289 convellendam
1951 3217 2098 3289 nih1
2156 3217 2381 3293 valere
2397 3217 2499 3292 est

728 3310 1321 3388 evidentiffimum.
1407 3313 1651 3410 Itaque
1722 3313 2184 3412 Interpolator
2213 3367 2240 3408 ‚
2308 3314 2498 3415 quod

728 3406 906 3483 nihil
931 3404 1064 3477 sani
1080 3406 1295 3480 sensus
1316 3410 1463 3482 erui
1485 3409 1671 3505 poffe
1715 3409 1999 3508 putabat
2016 3435 2103 3485 ex
2121 3414 2262 3488 hoc
2298 3409 2503 3487 versuw

918 3514 1097 3590 Major
1118 3515 1242 3577 dein
1271 3538 1404 3581 num
1434 3532 1650 3588 tantum
1678 3522 1847 3600 major
1882 3541 2001 3585 cum
2032 3525 2194 3604 magis
2220 3540 2380 3608 atque

2337 3636 2502 3688 eum
