2743 4378
275 370 787 469 ..nonam
823 367 1747 463 ·B··ENTL.ca1›.·x1x;
1840 370 2043 486 ‘³³3‘

210 492 382 581 Hic
414 494 675 596 duplex
703 490 912 578 leffio
927 526 964 585 3,
1005 518 1259 596 nempe
1294 496 1526 573 Caleni
1549 551 1577 592 ‚
1626 518 1708 573 ut
1740 495 1829 572 'ad
1848 521 2008 595 pre·-

210 608 417 685 φαντί
454 589 717 692 spe&et
747 610 786 665 ‘t
845 597 1165 691 *Calenam
1212 648 1239 688 ‚
1302 612 1388 672 ut
1418 593 1509 669 ad
1538 602 1744 670 vitem
1793 601 2011 697 perti»

207 708 385 773 neat
427 724 465 781 -3
495 698 499 704 '
565 688 852 769 critico·
897 690 1139 790 'paullo
1201 693 1515 792 peritiori
1585 693 1718 769 sese
1777 694 2017 781 offert,

153 851 177 859 ,
206 789 540 863 Calenam
585 806 822 865 autem
859 788 1125 872 sestius
1171 790 1275 864 est
1301 841 1329 882 ‚
1377 793 1540 891 quia
1587 793 1880 869 Flaccus
1922 792 2013 868 fiq

201 905 400 994 gura
412 936 442 979 ,
493 909 702 1058 {uam
735 888 1154 989 Interpretes
1180 911 1401 988 genus
1445 912 1578 985 pro
1631 887 1861 988 specie
1881 916 2035 965 voa·

205 1000 397 1055 cant
427 1035 456 1082 ,
584 1008 627 1058 c
688 986 914 1061 utitur
937 1017 971 1072 ,5
1027 987 1340 1065 Calenam
1370 1036 1400 1078 ‚
1463 983 1641 1056 dicit
1671 1037 1700 1079 ‚
1759 994 1969 1062 vitem
1984 1042 2012 1083 ,

205 1078 374 1163 hoc
416 1080 519 1163 est
542 1131 570 1172 ,
655 1083 1098 1175 nobiliffimam
1125 1109 1153 1156 .·
1191 1081 1309 1167 *de
1355 1105 1492 1194 qua
1533 1081 1679 1156 vite
1724 1086 2016 1159 Fortuna

209 1177 408 1257 dedit
439 1231 468 1273 ‚
532 1180 714 1256 bene
744 1180 1012 1275 dicitur
1036 1213 1066 1270 ς,
1130 1198 1204 1263 at
1250 1181 1340 1255 de
1371 1179 1506 1255 1uis
1541 1178 1768 1254 verbis
1796 1226 1827 1273 ,
1861 1201 2015 1273 pre-

207 1290 411 1355 mant
444 1279 691 1357 Calena
727 1275 909 1374 falce
937 1329 965 1372 ‚
1014 1278 1156 1359 hoc
1204 1278 1307 1359 est
1338 1329 1366 1372 ‚
1435 1279 1707 1376 optima
1734 1329 1764 1370 ,
1810 1282 2018 1358 vitem

209 1371 577 1473 Epitheto
594 1429 622 1471 ‚
689 1375 883 1474 quod
924 1377 1089 1450 vitis
1136 1374 1674 1478 generositatem
1723 1374 2018 1449 demon-

213 1468 468 1546 straret
482 1526 510 1569 ‚
527 1499 676 1558 non
702 1472 972 1568 addito,
1000 1476 1294 1550 Fortuna
1325 1475 1503 1547 dedit
1543 1497 1787 1571 parum
1832 1471 2021 1546 resto

209 1564 511 1650 dicitur.
599 1570 986 1672 Vulgatam
1013 1592 1249 1659 tamen
1274 1571 1683 1668 scripturam
1712 1570 1893 1643 tueri
1910 1570 2021 1641 vi-

211 1661 432 1743 detur
459 1670 799 1744 Dacerius
816 1703 845 1759 5
899 1666 1102 1774 putat
1145 1672 1333 1745 enim
1366 1721 1393 1762 2
1426 1683 1733 1763 premant
1777 1670 2021 1755 Calena

192 1759 394 1857 falce
424 1771 669 1862 vitem,
720 1769 847 1842 hic
877 1771 1051 1866 poni
1084 1793 1214 1867 pro
1239 1782 1554 1867 premant
1581 1764 1767 1860 falce
1814 1769 2023 1836 vitem

197 1860 559 1941 Calenam.
658 1866 860 1939 Haec
904 1883 1141 1938 autem
1188 1863 1529 1937 enarratio
1568 1886 1714 1945 non
1743 1859 1977 1958 placet
1994 1912 2026 1954 ‚

212 1958 391 2050 quia
415 1959 592 2039 boni
620 1959 885 2029 Po'e'tae
898 1956 1297 2051 Hypallage
1326 1979 1476 2025 non
1503 1976 1798 2027 utuntur
1812 2008 1841 2046 ‚
1890 1957 2023 2033 nifi

220 2074 402 2137 eum
435 2076 515 2125 ea
546 2101 575 2144 ,
618 2051 734 2126 vel
782 2050 1082 2127 orationi
1125 2048 1542 2149 elegantiam
1594 2048 1815 2121 adfert
1833 2100 1860 2142 ,
1908 2052 2024 2125 vel

220 2160 558 2234 numeros
591 2147 813 2224 efficit
862 2146 1345 2224 concinniores
1376 2198 1402 2239 ‚
1452 2143 1568 2218 vel
1616 2144 1801 2220 forte
1856 2168 2024 2223 cum

220 2249 442 2321 metri
509 2245 897 2336 necestitate
945 2270 1025 2320 ea
1090 2246 1198 2330 uti
1247 2262 1607 2345 coguntur
1642 2269 1660 2315 ε
1747 2244 1983 2341 itaque
1996 2297 2024 2338 ,

224 2367 402 2417 cum
421 2346 675 2418 horum
695 2343 964 2417 nullum
981 2343 1100 2416 hic
1117 2341 1360 2423 locum
1385 2339 1639 2428 'habeat
1656 2370 1682 2427 5
1702 2365 1782 2414 ea
1797 2340 2024 2440 figura

221 2439 571 2524 Flaccum
587 2443 708 2517 hic
721 2439 920 2526 usum
934 2439 1064 2514 effe
1079 2439 1462 2523 dicendum
1479 2464 1625 2516 non
1639 2437 2025 2516 estfoetae

223 2537 386 2627 sane
413 2559 725 2618 mentem
780 2540 1052 2638 optime
1095 2537 1446 2616 intellexit
1478 2537 1615 2611 Vir
1658 2534 2027 2612 eruditiffi-

223 2661 426 2726 mus:
476 2636 649 2711 illud
686 2660 853 2710 vero
885 2660 1048 2710 eum
1075 2634 1154 2709 fu
1212 2636 1306 2731 ‘t,
1341 2633 1532 2735 quod
1563 2632 2035 2721 construam-t.

223 2738 333 2811 nis
363 2735 715 2834 ignoratio
750 2732 1152 2807 Correfitori
1202 2758 1284 2806 us
1317 2735 1539 2807 multa
1568 2754 2026 2828 corrumpen-

222 2832 302 2916 di
334 2831 599 2907 causam
632 2830 977 2931 praebuit.
1032 2830 1409 2904 Caeterum
1442 2831 1614 2902 haec
1648 2832 1794 2928 ejus
1809 2829 2025 2900 inter-

225 2933 532 3029 pretatio
562 2931 694 3004 tibi
724 2928 944 3005 veluti
974 2926 1202 3027 digito
1219 2926 1631 3003 monstravit
1651 2925 1715 2998 le
1768 2922 2027 3007 endum

226 3029 365 3116 effe
402 3033 734 3111 Calenam.
834 3024 1057 3120 Qod
1106 3043 1339 3110 autem
1375 3025 1494 3098 hie
1545 3022 1643 3095 V.
1749 3021 1791 3095 l.
1830 3043 2026 3118 prae-

229 3145 342 3202 ter
382 3151 697 3220 morem,
748 3126 1131 3208 Dacerium
1181 3146 1328 3195 non
1361 3118 1838 3219 perstrinxeris
1869 3168 1896 3211 ,
1948 3118 2027 3198 Sc

227 3226 679 3322 prudentiam
711 3242 943 3314 tuam,
964 3220 1037 3294 δε
1062 3217 1617 3304 moderationem
1649 3215 2027 3289 vehemen-

230 3341 342 3397 ter
389 3321 618 3396 laudo'.
711 3321 908 3398 Nam
934 3371 959 3411 ,
1029 3315 1081 3392 fi
1113 3316 1360 3392 alienas
1409 3312 1638 3388 laudes
1669 3367 1696 3407 ‚
1747 3336 1836 3385 ne
1879 3329 2029 3401 tuas

230 3423 712 3519 opprimerent
746 3468 769 3508 ,
817 3414 1087 3492 silentio
1138 3437 1641 3511 nonnunquam
1690 3409 1977 3485 obruisti
1996 3439 2030 3500 ᾗ

223 3517 551 3633 profesto
578 3517 841 3607 alienus
873 3537 1065 3602 error
1077 3564 1107 3609 ,
1156 3513 1277 3614 qui
1309 3511 1366 3603 si
1394 3512 1475 3589 in
1522 3510 1830 3588 medium
1913 3529 2037 3675 {a}
