2743 4378
436 323 902 417 HORAT.
951 335 1829 434 BE.NTL.CA1’.XV.
1902 380 2034 463 271
2128 363 2137 374 ¹

267 445 502 526 ‘tivum
537 453 876 549 retulisse,
925 485 1164 537 verum
1198 466 1275 539 in
1306 471 1547 566 primis
1579 478 1769 571 quod
1781 482 1856 556 in
1872 484 2043 561 dua·-

276 539 400 617 b’us
432 545 838 625 leffionibus
859 612 883 647 ‚
933 582 1221 653 quarum
1252 585 1540 665 utraque
1571 574 1671 647 est
1718 601 2039 656 commo·

269 637 394 733 da,
444 667 525 715 ea
553 646 881 723 censenda
912 655 1012 726 est
1041 681 1204 732 vera
1220 711 1248 752 ‚
1289 686 1461 758 quae
1493 668 1775 768 ingenio
1809 676 2034 753 Inter-

264 738 597 831 polatoris
631 747 857 823 minus
895 756 1249 863 congruit.
1269 761 1526 835 ‘Virtus
1554 787 1783 844 autem
1820 778 2035 851 ardua

265 831 370 905 est
401 835 668 911 locutio
701 845 925 918 minus
971 866 1135 924 tnta
1169 911 1195 945 ‚
1244 876 1454 951 quam
1506 861 1606 932 est
1648 871 1857 941 ardua
1888 879 2031 947 via.

266 928 509 1029 Atque
540 935 711 1009 haec
748 940 1130 1019 observatio
1163 949 1460 1046 duplicis
1493 966 1767 1052 peccati
1803 985 1875 1039 te
1907 995 2030 1042 co-

265 1031 520 1127 arguit.
553 1034 809 1114 .Carm.
841 1039 1012 1117 Lib.
1053 1044 1112 1115 Ι.
1148 1046 1446 1123 ΧΧΙΧ.
1483 1076 1614 1129 vv.
1655 1080 1764 1155 13.
1807 1085 1917 1158 14.

465 1145 604 1200 Cum
635 1158 699 1202 tu
719 1148 937 1207 co'e'mtos
965 1148 1192 1229 undique
1222 1155 1444 1217 nobiles

453 1234 631 1295 Libros
667 1238 884 1299 Panaeti
1670 1266 1695 1312 k.

263 1318 421 1396 Ubi
451 1324 651 1400 Editi
664 1381 690 1420 ‚
738 1332 832 1404 ais
846 1385 874 1426 ‚
908 1338 1124 1427 opinor
1150 1362 1357 1412 omnes
1386 1344 1860 1439 repracstntunt
1890 1378 2024 1428 noa·

262 1439 310 1490 13
325 1443 353 1492 1
368 1444 528 1500 LES.
625 1426 865 1501 Plures
896 1444 1112 1505 tamen
1159 1461 1238 1508 ex
1284 1443 1441 1510 meis
1488 1445 1717 1517 codices
1748 1498 1775 1538 ,
1825 1451 2025 1549 Regi-

256 1522 2020 1734 'iffissizsfn156³ffefflgdaifblitgakqiziinngmo'onfffssfsif’

601 1674 615 1689 ο
1184 1680 1209 1721 ’
1989 1685 2018 1701 -

254 1710 516 1785 brorum
548 1765 574 1806 ‚
627 1742 778 1811 quos
821 1722 1207 1817 Interpretes
1252 1729 1655 1823 inspexerunt
1687 1793 1712 1829 ‚
1741 1744 1847 1833 stc
1886 1743 2015 1815 ha-

243 1807 497 1881 buerint
512 1844 540 1899 3
593 1821 889 1907 quamvis
918 1822 995 1891 id
1020 1820 1137 1915 120st
1162 1826 1422 1917 silentio
1471 1844 1711 1925 tegant.
1811 1838 2011 1931 Opti-

247 1928 389 1976 mus
419 1922 637 1979 tamen
662 1913 1049 2003 Bersmanus
1080 1920 1342 2009 testatus
1377 1924 1461 2014 est
1477 1975 1503 2013 ‚
1530 1952 1608 1997 ex
1640 1932 1848 2005 tribus
1860 1936 2011 2025 ficis

244 2002 554 2073 codicibus
584 2006 739 2075 duos
772 2005 1001 2079 habere
1032 2010 1300 2085 nobilis.
1381 2022 1771 2113 Ambiguum
1800 2033 2003 2122 igitur

243 2122 328 2167 ex
364 2112 578 2170 vetere
600 2102 911 2189 scribendi
940 2109 1186 2176 ratione
1200 2109 1297 2199 fit
1318 2160 1343 2199 ,
1363 2110 1652 2187 Nobilis
1687 2145 1764 2191 ne
1795 2120 2007 2202 libros

238 2198 522 2267 voluerit
550 2198 646 2267 N
635 2198 830 2291 oster,
878 2222 966 2271 an
994 2199 1240 2275 nobilis
1269 2205 1599 2280 Panaetii.
1690 2216 1827 2311 Ego
1852 2246 2008 2298 vero

240 2316 323 2363 ne
354 2292 653 2365 dubitare
680 2296 929 2389 quidem
946 2300 1229 2391 pofficm,
1277 2307 1433 2396 quin
1466 2303 1713 2379 nobilis
1745 2314 1839 2382 ad
1861 2319 2009 2390 Pa..

237 2392 528 2461 naetium
558 2395 881 2484 attineat,
929 2418 1006 2465 ne
1038 2392 1249 2467 libros
1298 2401 1540 2492 duplice
1586 2407 1854 2497 epitheto
1890 2439 2004 2486 ac·
2128 2478 2135 2482 .

233 2490 638 2561 cumulemus.
690 2489 764 2561 O
795 2486 1114 2565 miserum
1143 2495 1618 2592 epithetorum
1641 2503 2000 2601 judicem!

234 2605 398 2655 nam
428 2589 733 2679 cob'mptos
762 2586 943 2660 valet
994 2613 1168 2686 quos
1215 2594 1533 2669 coiimisti
1562 2649 1589 2690 ‚
1639 2599 1718 2675 &
1762 2603 1999 2705 hujuss

234 2679 428 2753 modi
455 2680 538 2755 ad
532 2681 774 2781 junsta
803 2708 934 2782 pro
949 2687 1273 2784 epithetis
1286 2715 1718 2793 nequaquam
1736 2699 1995 2778 haben-

243 2776 331 2847 da
361 2774 536 2851 sunt.

243 2862 252 2871 ’
327 2873 582 2947 Cicero
612 2878 895 2951 Orator.
930 2878 1015 2951 ad
1045 2880 1341 2957 Brutum
1375 2888 1574 2971 c.X
1601 2890 1832 2988 injusti
1849 2921 1994 2967 one-

225 2974 320 3043 ris
350 2970 656 3069 impofiti
688 2990 806 3047 tua
823 2980 1017 3109 ¹sulp-‘z
1030 2984 1152 3072 stt.
1204 2979 1464 3081 Virgil.
1498 2986 1789 3065 Aeneid.
1823 2990 1988 3067 Lib.

224 3065 689 3168 I.v.v.535.

413 3186 554 3235 Cum
572 3178 747 3254 subito
777 3180 1077 3258 adsurgens
1094 3181 1269 3262 fluffu
1294 3156 1585 3247 nimbosus
1615 3189 1774 3248 Orion

221 3265 503 3341 Deinde
547 3273 810 3345 Nobilis
857 3275 1155 3347 Panaeti
1183 3328 1210 3369 ,
1285 3276 1474 3351 reete
1514 3279 1655 3353 dici
1685 3284 1987 3388 quinque

217 3364 557 3463 exemplis
590 3365 1041 3444 demonstras:
1093 3373 1285 3472 quod
1318 3375 1599 3474 quidem
1636 3378 1811 3454 bene
1842 3389 1983 3465 dici

216 3484 429 3540 nemo
461 3464 760 3564 ignorat.
856 3467 1050 3547 Rene
1075 3486 1291 3551 tamen
1307 3531 1334 3572 ,
1384 3476 1477 3552 ais
1503 3527 1533 3573 2
1582 3477 1752 3553 alias
1779 3484 1985 3593 dicei-e

1342 3597 1345 3599 ’
1718 3593 1984 3667 poteris,

1759 3684 1785 3710 0
