2743 4378
309 332 1776 463 HORAT.BENTL.CA12.XV11.
1846 382 1994 490 329

210 507 461 606 quibus
491 508 639 581 e‘us
670 502 1217 580 emendationem
1263 504 1512 576 refellis
1549 556 1575 597 ‚
1627 505 1871 581 sentire
1919 528 1994 582 te

201 607 407 704 plane
436 605 510 676 in
559 607 745 685 icant
779 655 804 697 ‚
875 600 1263 686 inconsulto.
1303 601 1397 676 fic
1430 601 1744 699 scripfisti
1778 657 1805 697 ,
1853 612 1991 679 At-

198 727 319 797 que
366 702 484 774 hoc
514 700 762 794 quidem
788 697 1132 793 specioficm
1183 700 1298 789 effe
1328 698 1554 791 fateor
1582 752 1609 793 ‚
1662 702 1747 781 ὅς’
1766 708 1990 796 prima

179 797 421 893 fronte
490 802 652 876 mire
698 796 1065 868 adblandiri
1116 796 1520 899 {quoniam
1586 798 1790 897 hujus
1831 798 1995 874 artis

196 882 657 985 mediocriter
756 882 934 963 erito
987 890 1156 986 quin
1204 891 1317 961 vel
1363 894 1589 988 prima
1632 894 1862 969 fronte
1909 921 1991 969 ea

186 982 601 1066 emehdatio
669 989 693 1058 i
745 1006 904 1085 epta
968 985 1284 1059 videatur
1329 1036 1355 1077 ‚
1441 1011 1586 1076 non
1649 985 1986 1066 dubitem.

198 1087 657 1182 Qamquam
689 1082 921 1157 autem
965 1100 1314 1178 receptam
1362 1081 1734 1158 verborum
1770 1105 1948 1162 catus
1964 1142 1992 1182 ,

193 1188 367 1257 celer
402 1180 624 1255 sedem
654 1207 694 1255 a
726 1201 798 1254 te
830 1204 975 1256 non
998 1179 1172 1251 male
1203 1177 1543 1265 defensam
1559 1179 1991 1278 arbitremur,

188 1298 281 1353 tu
310 1297 553 1353 tamen
592 1303 747 1354 eam
782 1301 926 1349 non
956 1277 1181 1348 minus
1196 1274 1373 1348 bene
1403 1274 1499 1348 fic
1530 1276 1804 1352 defendi
1838 1281 1993 1382 pos·

191 1373 265 1454 se
301 1373 587 1464 forsitan
646 1372 1008 1453 ‘udicabiffi
1092 1373 1322 1470 Igitur
1368 1372 1531 1444 dico
1576 1393 1760 1448 catus
1825 1392 1858 1452 .’
1902 1434 1919 1455 .
1972 1435 1991 1457 ,.
2047 1389 2058 1397 ’

180 1474 534 1567 jaculari,
583 1472 606 1548 i
658 1470 851 1544 circo
903 1468 1336 1542 retinendum
1351 1519 1377 1559 ‚
1426 1469 1614 1566 quod
1662 1471 1788 1545 etfi
1837 1478 1995 1547 celer

175 1569 488 1663 jaculari
535 1567 713 1645 bene
757 1566 1014 1640 dicitur
1044 1617 1070 1658 ,
1137 1582 1369 1639 tamen
1415 1583 1600 1639 catus
1634 1620 1660 1661 ,
1728 1568 1800 1642 id
1836 1569 1936 1643 est
1961 1624 1991 1671 ²

196 1664 495 1757 ἀοᾶὶιιε,
543 1661 630 1739 ad
660 1663 1064 1762 sententiam
1115 1665 1340 1760 aptius
1398 1662 1676 1737 videtur
1706 1715 1731 1753 ‚
1783 1692 1991 1767 quam

191 1765 370 1853 φαῖεν
398 1813 425 1854 ,
479 1764 808 1861 quoniam
848 1760 931 1833 ad
977 1783 1218 1832 cervos
1269 1758 1777 1859 consequendos
1832 1765 1990 1861 plus

193 1859 386 1934 valet
410 1858 756 1958 jaculandi
792 1858 1081 1956 peritia,
1133 1882 1339 1953 quam
1370 1858 1677 1932 celeritas
1709 1885 1983 1935 manus:

196 1955 279 2029 &
310 1954 494 2027 bene
529 1954 797 2026 Noster
828 1955 1066 2024 Carm.
1098 1954 1263 2023 Lib.
1297 1954 1357 2022 1.
1397 1960 1510 2036 29·
1540 1981 1608 2028 v.
1646 1982 1716 2039 9.

392 2058 621 2119 Βοέὶιιε
642 2059 870 2134 sagittas
899 2057 1137 2116 tendere
1167 2059 1403 2118 Sericas·

203 2221 210 2224 ,
294 2157 459 2252 Jam
491 2159 648 2228 celer
677 2156 953 2247 excipere
986 2173 1213 2248 aprum
1262 2152 1526 2227 idcirco
1557 2157 1987 2255 probandum

194 2253 348 2342 est,
394 2249 586 2351 quod
616 2251 1025 2344 oculorum3
1080 2253 1155 2326 &
1193 2276 1524 2324 manuum
1571 2255 1873 2331 celeritas
1902 2286 1986 2331 ac

198 2352 428 2424 totius
458 2347 601 2421 fere
634 2349 943 2446 corporis
974 2346 1295 2421 volubilis·
1327 2368 1561 2422 motus
1609 2351 1695 2423 ad
1743 2379 1989 2450 aprum

172 2444 702 2545 ‘excipiendum
737 2444 889 2544 plus
923 2443 1104 2517 valet
1137 2470 1341 2541 quam
1374 2444 1715 2521 venabulo
1748 2452 1987 2550 utendi

195 2545 510 2645 peritias
543 2541 727 2640 quod
745 2594 772 2633 ,
808 2540 931 2614 etfi
964 2562 1248 2616 venator
1279 2568 1356 2615 ea
1390 2545 1633 2639 peritia
1665 2547 1985 2641 excellat,

201 2640 337 2714 nifi
380 2659 611 2730 tamen
642 2639 845 2712 celeri
877 2641 1185 2744 corporis
1227 2661 1430 2712 motu
1476 2642 1694 2715 valeat
1712 2704 1734 2736 ,
1784 2650 1986 2717 vero-³

204 2731 491 2814 fimilius
522 2736 622 2810 est
654 2736 966 2809 futurum
997 2789 1024 2828 ,
1074 2755 1156 2809 ut
1198 2761 1356 2810 eum
1390 2739 1593 2812 citius
1622 2766 1662 2811 a
1711 2766 1785 2813 er
1816 2741 1987 2815 den-

206 2833 399 2907 tibus
430 2835 635 2908 laniet
653 2885 680 2927 ‚
732 2831 938 2931 quam
971 2852 1053 2904 ut
1097 2829 1158 2904 is
1201 2859 1448 2931 aprum
1493 2860 1669 2909 vena
1717 2836 1836 2909 ulo
1867 2857 1997 2911 aut*

206 2927 706 3028 transverberet
736 2947 855 3004 aut
886 2930 1209 3027 excipiat.

303 3025 669 3100 Postremo
698 3027 783 3100 ad
813 3025 1023 3099 verba
1060 3030 1203 3098 >alto
1234 3032 1541 3121 fruticeto
1592 3024 1687 3100 fic
1718 3026 1946 3103 scribis
1963 3059 1987 3105 z

208 3128 433 3198 verior
460 3124 546 3217 est
581 3121 783 3197 1εᾶἱο
813 3139 961 3196 arto
976 3174 1003 3214 ‚
1051 3147 1242 3216 quam
1269 3130 1548 3198 meliores
1577 3126 1808 3199 codices
1819 3127 1983 3220 sieb-

206 3220 579 3313 mim'strqnt
596 3250 623 3305 3
678 3219 752 3292 &
790 3220 887 3291 ita
919 3219 1274 3317 Cruquius
1302 3240 1497 3314 arm,
1547 3222 1772 3320 inquit
1800 3275 1827 3316 ,
1865 3246 2001 3319 pro‘

205 3316 392 3411 densb
410 3372 433 3401 ‚
484 3313 952 3409 quodfortaffis
978 3316 1064 3410 est
1092 3319 1325 3409 aptius.
1377 3317 1558 3391 Illud
1590 3338 1821 3393 autem
1853 3327 2000 3397 alto·

208 3436 375 3487 non·
402 3411 721 3486 Librario
770 3414 945 3485 vitio
989 3413 1290 3487 dandum
1340 3412 1453 3487 sed
1499 3405 1986 3518 Interpola‘tori,

1450 3511 1455 3520 ι

209 3509 360 3620 vim
395 3507 941 3604 verbi'artonnon
968 3510 1407 3681 ,intell-iggnti.
1490 3537 1523 3569 υ
1805 3610 1874 3681 C
1892 3608 1958 3688 A

1325 3632 1367 3704 5
1959 3642 1992 3668 a
