<?xml version="1.0" encoding="UTF-8"?>
<!DOCTYPE html PUBLIC "-//W3C//DTD XHTML 1.0 Transitional//EN"
    "http://www.w3.org/TR/xhtml1/DTD/xhtml1-transitional.dtd">
<html xmlns="http://www.w3.org/1999/xhtml" xml:lang="en" lang="en">
 <head>
  <title>
</title>
<meta http-equiv="Content-Type" content="text/html;charset=utf-8" />
  <meta name='ocr-system' content='tesseract 3.04.00' />
  <meta name='ocr-capabilities' content='ocr_page ocr_carea ocr_par ocr_line ocrx_word'/>
</head>
<body>
  <div class='ocr_page' id='page_1' title='image "./alexandricuning00cunngoog_0385.png"; bbox 0 0 2743 4378; ppageno 0'>
   <div class='ocr_carea' id='block_1_1' title="bbox 759 346 2191 462">
    <p class='ocr_par' dir='ltr' id='par_1_1' title="bbox 759 346 2191 462">
     <span class='ocr_line' id='line_1_1' title="bbox 759 346 2191 462; baseline -0.003 -30"><span class='ocrx_word' id='word_1_1' title='bbox 759 362 911 462; x_wconf 76' lang='lat'><em>‘37²</em></span> <span class='ocrx_word' id='word_1_2' title='bbox 1117 346 1996 431; x_wconf 81' lang='lat' dir='ltr'>ANIMADVERS.</span> <span class='ocrx_word' id='word_1_3' title='bbox 2047 349 2191 427; x_wconf 85' lang='lat' dir='ltr'><em>IN</em></span> 
     </span>
    </p>
   </div>
   <div class='ocr_carea' id='block_1_2' title="bbox 766 463 2573 1342">
    <p class='ocr_par' dir='ltr' id='par_1_2' title="bbox 766 463 2573 1342">
     <span class='ocr_line' id='line_1_2' title="bbox 865 463 2568 569; baseline -0.006 -21"><span class='ocrx_word' id='word_1_4' title='bbox 865 472 1149 568; x_wconf 81' lang='lat' dir='ltr'>Qarto</span> <span class='ocrx_word' id='word_1_5' title='bbox 1184 472 1476 569; x_wconf 86' lang='lat' dir='ltr'><strong>denique</strong></span> <span class='ocrx_word' id='word_1_6' title='bbox 1506 471 1580 542; x_wconf 86' lang='lat' dir='ltr'><em>in</em></span> <span class='ocrx_word' id='word_1_7' title='bbox 1610 465 2214 564; x_wconf 84' lang='lat' dir='ltr'>reprehenfionem</span> <span class='ocrx_word' id='word_1_8' title='bbox 2250 463 2436 538; x_wconf 84' lang='lat' dir='ltr'>cadit</span> <span class='ocrx_word' id='word_1_9' title='bbox 2474 463 2568 537; x_wconf 72' lang='lat' dir='ltr'><em>i}-</em></span> 
     </span>
     <span class='ocr_line' id='line_1_3' title="bbox 766 562 2573 662; baseline -0.007 -17"><span class='ocrx_word' id='word_1_10' title='bbox 766 571 832 646; x_wconf 82' lang='lat' dir='ltr'><em>la</em></span> <span class='ocrx_word' id='word_1_11' title='bbox 864 572 1043 643; x_wconf 82' lang='lat' dir='ltr'>ratio</span> <span class='ocrx_word' id='word_1_12' title='bbox 1058 623 1086 662; x_wconf 89' lang='lat'>‚</span> <span class='ocrx_word' id='word_1_13' title='bbox 1133 572 1350 642; x_wconf 79' lang='lat' dir='ltr'><em>melius</em></span> <span class='ocrx_word' id='word_1_14' title='bbox 1389 591 1628 662; x_wconf 78' lang='lat' dir='ltr'><em>quoque</em></span> <span class='ocrx_word' id='word_1_15' title='bbox 1655 581 1729 635; x_wconf 89' lang='lat' dir='ltr'><em>ut</em></span> <span class='ocrx_word' id='word_1_16' title='bbox 1755 563 1887 657; x_wconf 61' lang='lat' dir='ltr'><em>ipsp</em></span> <span class='ocrx_word' id='word_1_17' title='bbox 1925 562 2246 657; x_wconf 83' lang='lat' dir='ltr'><em>Grosphus</em></span> <span class='ocrx_word' id='word_1_18' title='bbox 2278 612 2303 652; x_wconf 87' lang='lat'>‚</span> <span class='ocrx_word' id='word_1_19' title='bbox 2357 586 2573 658; x_wconf 84' lang='lat' dir='ltr'><em>quam</em></span> 
     </span>
     <span class='ocr_line' id='line_1_4' title="bbox 773 660 2564 763; baseline -0.008 -21"><span class='ocrx_word' id='word_1_20' title='bbox 773 683 851 742; x_wconf 75' lang='lat' dir='ltr'><em>ut</em></span> <span class='ocrx_word' id='word_1_21' title='bbox 889 669 1025 763; x_wconf 85' lang='lat' dir='ltr'><em>ejus</em></span> <span class='ocrx_word' id='word_1_22' title='bbox 1055 667 1314 738; x_wconf 87' lang='lat' dir='ltr'><em>animus</em></span> <span class='ocrx_word' id='word_1_23' title='bbox 1341 664 1567 735; x_wconf 86' lang='lat' dir='ltr'>ridere</span> <span class='ocrx_word' id='word_1_24' title='bbox 1602 662 1914 755; x_wconf 81' lang='lat' dir='ltr'><em>jubeatur</em></span> <span class='ocrx_word' id='word_1_25' title='bbox 1954 687 1980 746; x_wconf 60' lang='grc' dir='ltr'>ς</span> <span class='ocrx_word' id='word_1_26' title='bbox 2037 660 2358 756; x_wconf 82' lang='lat' dir='ltr'>quoniam</span> <span class='ocrx_word' id='word_1_27' title='bbox 2398 682 2564 729; x_wconf 82' lang='lat' dir='ltr'><em>non</em></span> 
     </span>
     <span class='ocr_line' id='line_1_5' title="bbox 772 754 2564 860; baseline -0.011 -20"><span class='ocrx_word' id='word_1_28' title='bbox 772 762 895 841; x_wconf 84' lang='lat' dir='ltr'><em>hic</em></span> <span class='ocrx_word' id='word_1_29' title='bbox 943 761 1107 860; x_wconf 85' lang='lat' dir='ltr'><em>quid</em></span> <span class='ocrx_word' id='word_1_30' title='bbox 1150 759 1395 834; x_wconf 85' lang='lat' dir='ltr'><em>melius</em></span> <span class='ocrx_word' id='word_1_31' title='bbox 1445 758 1714 830; x_wconf 80' lang='lat' dir='ltr'>dicatur</span> <span class='ocrx_word' id='word_1_32' title='bbox 1743 804 1770 847; x_wconf 86' lang='lat'>‚</span> <span class='ocrx_word' id='word_1_33' title='bbox 1835 754 1947 827; x_wconf 84' lang='lat' dir='ltr'><em>sed</em></span> <span class='ocrx_word' id='word_1_34' title='bbox 1996 755 2163 853; x_wconf 89' lang='lat' dir='ltr'><em>quid</em></span> <span class='ocrx_word' id='word_1_35' title='bbox 2220 755 2564 827; x_wconf 82' lang='lat' dir='ltr'>Horatius</span> 
     </span>
     <span class='ocr_line' id='line_1_6' title="bbox 779 848 2562 950; baseline -0.006 -17"><span class='ocrx_word' id='word_1_36' title='bbox 779 860 1034 933; x_wconf 82' lang='lat' dir='ltr'>dixerit</span> <span class='ocrx_word' id='word_1_37' title='bbox 1069 910 1095 950; x_wconf 80' lang='lat'>,</span> <span class='ocrx_word' id='word_1_38' title='bbox 1145 853 1711 929; x_wconf 81' lang='lat' dir='ltr'>confiderandutn</span> <span class='ocrx_word' id='word_1_39' title='bbox 1741 849 1840 923; x_wconf 87' lang='lat' dir='ltr'><em>est</em></span> <span class='ocrx_word' id='word_1_40' title='bbox 1874 878 1891 923; x_wconf 75' lang='grc' dir='ltr'><strong><em>ε</em></strong></span> <span class='ocrx_word' id='word_1_41' title='bbox 1948 876 2177 923; x_wconf 87' lang='lat' dir='ltr'><strong>nonne</strong></span> <span class='ocrx_word' id='word_1_42' title='bbox 2222 851 2389 923; x_wconf 86' lang='lat' dir='ltr'><strong>Lib.</strong></span> <span class='ocrx_word' id='word_1_43' title='bbox 2420 848 2562 922; x_wconf 85' lang='lat' dir='ltr'><em>IV.</em></span> 
     </span>
     <span class='ocr_line' id='line_1_7' title="bbox 774 945 2564 1053; baseline -0.008 -23"><span class='ocrx_word' id='word_1_44' title='bbox 774 954 913 1030; x_wconf 91' lang='lat' dir='ltr'><em>IX.</em></span> <span class='ocrx_word' id='word_1_45' title='bbox 933 979 1002 1028; x_wconf 89' lang='lat' dir='ltr'><em>v.</em></span> <span class='ocrx_word' id='word_1_46' title='bbox 1044 976 1155 1053; x_wconf 82' lang='lat'><em>39.</em></span> <span class='ocrx_word' id='word_1_47' title='bbox 1187 953 1275 1026; x_wconf 87' lang='lat' dir='ltr'><em>de</em></span> <span class='ocrx_word' id='word_1_48' title='bbox 1305 952 1523 1026; x_wconf 84' lang='lat' dir='ltr'>Lollii</span> <span class='ocrx_word' id='word_1_49' title='bbox 1554 952 1785 1037; x_wconf 69' lang='lat' dir='ltr'><strong>animo</strong></span> <span class='ocrx_word' id='word_1_50' title='bbox 1820 945 2036 1038; x_wconf 81' lang='lat' dir='ltr'><strong>dicit,</strong></span> <span class='ocrx_word' id='word_1_51' title='bbox 2075 947 2427 1041; x_wconf 81' lang='lat' dir='ltr'><em>Consulque</em></span> <span class='ocrx_word' id='word_1_52' title='bbox 2445 971 2564 1017; x_wconf 78' lang='lat' dir='ltr'><em>non</em></span> 
     </span>
     <span class='ocr_line' id='line_1_8' title="bbox 783 1045 2569 1142; baseline -0.008 -16"><span class='ocrx_word' id='word_1_53' title='bbox 783 1058 975 1126; x_wconf 77' lang='lat' dir='ltr'><em>unius</em></span> <span class='ocrx_word' id='word_1_54' title='bbox 1024 1055 1182 1123; x_wconf 83' lang='lat' dir='ltr'><em>anni</em></span> <span class='ocrx_word' id='word_1_55' title='bbox 1218 1082 1245 1138; x_wconf 79' lang='lat'>3</span> <span class='ocrx_word' id='word_1_56' title='bbox 1300 1050 1377 1124; x_wconf 76' lang='grc' dir='ltr'><em>δε</em></span> <span class='ocrx_word' id='word_1_57' title='bbox 1422 1074 1553 1123; x_wconf 73' lang='lat' dir='ltr'><em>vv,</em></span> <span class='ocrx_word' id='word_1_58' title='bbox 1602 1071 1723 1142; x_wconf 87' lang='lat'><em>41.</em></span> <span class='ocrx_word' id='word_1_59' title='bbox 1768 1067 1892 1139; x_wconf 60' lang='lat'><em>4⁷2·</em></span> <span class='ocrx_word' id='word_1_60' title='bbox 1946 1046 2199 1136; x_wconf 72' lang='lat' dir='ltr'><em>Rejecit</em></span> <span class='ocrx_word' id='word_1_61' title='bbox 2235 1049 2378 1116; x_wconf 84' lang='lat' dir='ltr'><em>alto</em></span> <span class='ocrx_word' id='word_1_62' title='bbox 2411 1045 2569 1115; x_wconf 82' lang='lat' dir='ltr'><em>dona</em></span> 
     </span>
     <span class='ocr_line' id='line_1_9' title="bbox 785 1144 2573 1241; baseline -0.007 -20"><span class='ocrx_word' id='word_1_63' title='bbox 785 1152 1139 1221; x_wconf 80' lang='lat' dir='ltr'><em>nocentium</em></span> <span class='ocrx_word' id='word_1_64' title='bbox 1189 1191 1222 1209; x_wconf 86' lang='lat'><em>-</em></span> <span class='ocrx_word' id='word_1_65' title='bbox 1271 1147 1354 1221; x_wconf 92' lang='lat' dir='ltr'><em>V</em></span> <span class='ocrx_word' id='word_1_66' title='bbox 1342 1151 1477 1220; x_wconf 83' lang='lat' dir='ltr'><em>oltu</em></span> <span class='ocrx_word' id='word_1_67' title='bbox 1493 1177 1518 1232; x_wconf 78' lang='lat'><em>3</em></span> <span class='ocrx_word' id='word_1_68' title='bbox 1575 1165 1987 1241; x_wconf 84' lang='lat' dir='ltr'><em>quamquam</em></span> <span class='ocrx_word' id='word_1_69' title='bbox 2021 1144 2165 1213; x_wconf 90' lang='lat' dir='ltr'><em>hoc</em></span> <span class='ocrx_word' id='word_1_70' title='bbox 2196 1158 2573 1237; x_wconf 85' lang='lat' dir='ltr'><em>utrumque</em></span> 
     </span>
     <span class='ocr_line' id='line_1_10' title="bbox 788 1236 1939 1342; baseline -0.008 -25"><span class='ocrx_word' id='word_1_71' title='bbox 788 1243 879 1317; x_wconf 89' lang='lat' dir='ltr'><em>de</em></span> <span class='ocrx_word' id='word_1_72' title='bbox 909 1243 1056 1342; x_wconf 87' lang='lat' dir='ltr'>ipso</span> <span class='ocrx_word' id='word_1_73' title='bbox 1087 1242 1327 1315; x_wconf 92' lang='lat' dir='ltr'>Lollio</span> <span class='ocrx_word' id='word_1_74' title='bbox 1357 1242 1598 1314; x_wconf 85' lang='lat' dir='ltr'><em>melius</em></span> <span class='ocrx_word' id='word_1_75' title='bbox 1630 1236 1939 1312; x_wconf 87' lang='lat' dir='ltr'><em>dicatur?</em></span> 
     </span>
    </p>
   </div>
   <div class='ocr_carea' id='block_1_3' title="bbox 805 1339 1649 1437">
    <p class='ocr_par' dir='ltr' id='par_1_3' title="bbox 805 1339 1649 1437">
     <span class='ocr_line' id='line_1_11' title="bbox 805 1339 1649 1437; baseline -0.004 -24"><span class='ocrx_word' id='word_1_76' title='bbox 805 1342 815 1354; x_wconf 93' lang='lat'><strong>·</strong></span> <span class='ocrx_word' id='word_1_77' title='bbox 884 1339 1049 1414; x_wconf 85' lang='lat' dir='ltr'>Lib.</span> <span class='ocrx_word' id='word_1_78' title='bbox 1084 1341 1223 1413; x_wconf 93' lang='lat'>111.</span> <span class='ocrx_word' id='word_1_79' title='bbox 1262 1340 1399 1412; x_wconf 92' lang='lat'>111.</span> <span class='ocrx_word' id='word_1_80' title='bbox 1435 1364 1501 1411; x_wconf 83' lang='lat' dir='ltr'><em>v.</em></span> <span class='ocrx_word' id='word_1_81' title='bbox 1541 1359 1649 1437; x_wconf 83' lang='lat'><em>23·</em></span> 
     </span>
    </p>
   </div>
   <div class='ocr_carea' id='block_1_4' title="bbox 978 1451 1962 1532">
    <p class='ocr_par' dir='ltr' id='par_1_4' title="bbox 978 1451 1962 1532">
     <span class='ocr_line' id='line_1_12' title="bbox 978 1451 1962 1532; baseline -0.005 -19"><span class='ocrx_word' id='word_1_82' title='bbox 978 1453 1253 1532; x_wconf 76' lang='lat' dir='ltr'><em>Castaeque</em></span> <span class='ocrx_word' id='word_1_83' title='bbox 1278 1453 1617 1512; x_wconf 75' lang='lat' dir='ltr'><em>damnatum</em></span> <span class='ocrx_word' id='word_1_84' title='bbox 1646 1451 1925 1509; x_wconf 77' lang='lat' dir='ltr'><em>Minervae</em></span> <span class='ocrx_word' id='word_1_85' title='bbox 1943 1492 1962 1518; x_wconf 85' lang='lat'>‚</span> 
     </span>
    </p>
   </div>
   <div class='ocr_carea' id='block_1_5' title="bbox 792 1552 2677 3664">
    <p class='ocr_par' dir='ltr' id='par_1_5' title="bbox 792 1552 2585 2396">
     <span class='ocr_line' id='line_1_13' title="bbox 792 1552 2578 1649; baseline -0.008 -15"><span class='ocrx_word' id='word_1_86' title='bbox 792 1554 948 1633; x_wconf 89' lang='lat' dir='ltr'><em>Ubi</em></span> <span class='ocrx_word' id='word_1_87' title='bbox 983 1574 1064 1627; x_wconf 90' lang='lat' dir='ltr'><em>tu</em></span> <span class='ocrx_word' id='word_1_88' title='bbox 1101 1555 1199 1628; x_wconf 93' lang='lat' dir='ltr'><em>V.</em></span> <span class='ocrx_word' id='word_1_89' title='bbox 1233 1556 1348 1629; x_wconf 90' lang='lat' dir='ltr'><em>Cl.</em></span> <span class='ocrx_word' id='word_1_90' title='bbox 1382 1552 1475 1627; x_wconf 87' lang='lat' dir='ltr'><em>fic</em></span> <span class='ocrx_word' id='word_1_91' title='bbox 1504 1552 1735 1628; x_wconf 84' lang='lat' dir='ltr'>scribis</span> <span class='ocrx_word' id='word_1_92' title='bbox 1770 1583 1791 1645; x_wconf 80' lang='lat'>3</span> <span class='ocrx_word' id='word_1_93' title='bbox 1845 1555 2015 1629; x_wconf 82' lang='lat' dir='ltr'><em>Vide</em></span> <span class='ocrx_word' id='word_1_94' title='bbox 2073 1554 2297 1649; x_wconf 69' lang='lat' dir='ltr'><em>quaest</em></span> <span class='ocrx_word' id='word_1_95' title='bbox 2350 1555 2578 1626; x_wconf 84' lang='lat' dir='ltr'><em>circui-</em></span> 
     </span>
     <span class='ocr_line' id='line_1_14' title="bbox 800 1650 2574 1752; baseline -0.006 -24"><span class='ocrx_word' id='word_1_96' title='bbox 800 1673 939 1728; x_wconf 83' lang='lat' dir='ltr'><em>tum</em></span> <span class='ocrx_word' id='word_1_97' title='bbox 962 1654 1251 1746; x_wconf 82' lang='lat' dir='ltr'><em>periodi,</em></span> <span class='ocrx_word' id='word_1_98' title='bbox 1303 1652 1528 1744; x_wconf 80' lang='lat' dir='ltr'><strong>Ilion,</strong></span> <span class='ocrx_word' id='word_1_99' title='bbox 1579 1651 1764 1723; x_wconf 90' lang='lat' dir='ltr'>Ilion</span> <span class='ocrx_word' id='word_1_100' title='bbox 1784 1651 2001 1752; x_wconf 86' lang='lat' dir='ltr'>judex</span> <span class='ocrx_word' id='word_1_101' title='bbox 2057 1654 2134 1725; x_wconf 72' lang='grc' dir='ltr'><em>ὃ(</em></span> <span class='ocrx_word' id='word_1_102' title='bbox 2170 1650 2418 1723; x_wconf 86' lang='lat' dir='ltr'>mulier</span> <span class='ocrx_word' id='word_1_103' title='bbox 2453 1652 2574 1746; x_wconf 84' lang='lat' dir='ltr'><strong>pe·-</strong></span> 
     </span>
     <span class='ocr_line' id='line_1_15' title="bbox 798 1742 2563 1822; baseline 0 0"><span class='ocrx_word' id='word_1_104' title='bbox 798 1774 875 1822; x_wconf 83' lang='lat' dir='ltr'><em>re</em></span> <span class='ocrx_word' id='word_1_105' title='bbox 967 1750 1072 1819; x_wconf 83' lang='lat' dir='ltr'><em>‘na</em></span> <span class='ocrx_word' id='word_1_106' title='bbox 1112 1750 1319 1821; x_wconf 90' lang='lat' dir='ltr'>vertit</span> <span class='ocrx_word' id='word_1_107' title='bbox 1421 1748 1728 1819; x_wconf 88' lang='lat' dir='ltr'><strong>ulverem</strong></span> <span class='ocrx_word' id='word_1_108' title='bbox 1798 1748 2182 1821; x_wconf 87' lang='lat' dir='ltr'>damnatum</span> <span class='ocrx_word' id='word_1_109' title='bbox 2245 1746 2428 1816; x_wconf 82' lang='lat' dir='ltr'><strong>mihi</strong></span> <span class='ocrx_word' id='word_1_110' title='bbox 2478 1742 2563 1822; x_wconf 56' lang='grc' dir='ltr'>Β</span> 
     </span>
     <span class='ocr_line' id='line_1_16' title="bbox 797 1772 2582 1937; baseline -0.002 -26"><span class='ocrx_word' id='word_1_111' title='bbox 797 1772 1169 1911; x_wconf 53' lang='lat' dir='ltr'>-Nffglervae</span> <span class='ocrx_word' id='word_1_112' title='bbox 1205 1891 1231 1931; x_wconf 80' lang='lat'>,</span> <span class='ocrx_word' id='word_1_113' title='bbox 1301 1774 1442 1921; x_wconf 50' lang='grc' dir='ltr'><em>ὦ.</em></span> <span class='ocrx_word' id='word_1_114' title='bbox 1508 1842 1621 1915; x_wconf 89' lang='lat' dir='ltr'><em>hoc</em></span> <span class='ocrx_word' id='word_1_115' title='bbox 1667 1842 1755 1936; x_wconf 80' lang='lat' dir='ltr'><em>est</em></span> <span class='ocrx_word' id='word_1_116' title='bbox 1805 1896 1831 1937; x_wconf 78' lang='lat'>‚</span> <span class='ocrx_word' id='word_1_117' title='bbox 1909 1843 2081 1915; x_wconf 87' lang='lat' dir='ltr'><strong>Ilion</strong></span> <span class='ocrx_word' id='word_1_118' title='bbox 2141 1839 2582 1912; x_wconf 83' lang='lat' dir='ltr'><strong>damnatum.</strong></span> 
     </span>
     <span class='ocr_line' id='line_1_17' title="bbox 795 1936 2583 2035; baseline -0.002 -28"><span class='ocrx_word' id='word_1_119' title='bbox 795 1936 972 2023; x_wconf 79' lang='lat' dir='ltr'><em>Ubi,</em></span> <span class='ocrx_word' id='word_1_120' title='bbox 1020 1950 1095 2006; x_wconf 82' lang='lat' dir='ltr'><em>ut</em></span> <span class='ocrx_word' id='word_1_121' title='bbox 1158 1936 1243 2017; x_wconf 81' lang='lat'><em>&amp;</em></span> <span class='ocrx_word' id='word_1_122' title='bbox 1276 1937 1642 2025; x_wconf 82' lang='lat' dir='ltr'><em>-obscuritas</em></span> <span class='ocrx_word' id='word_1_123' title='bbox 1698 1938 1783 2019; x_wconf 61' lang='grc' dir='ltr'><em>δέ’</em></span> <span class='ocrx_word' id='word_1_124' title='bbox 1836 1942 2213 2035; x_wconf 81' lang='lat' dir='ltr'><em>ambiguitas</em></span> <span class='ocrx_word' id='word_1_125' title='bbox 2255 1940 2583 2025; x_wconf 77' lang='lat' dir='ltr'><em>evitetur,</em></span> 
     </span>
     <span class='ocr_line' id='line_1_18' title="bbox 799 2034 2584 2131; baseline -0.004 -25"><span class='ocrx_word' id='word_1_126' title='bbox 799 2034 1028 2106; x_wconf 84' lang='lat' dir='ltr'><em>malim</em></span> <span class='ocrx_word' id='word_1_127' title='bbox 1065 2034 1241 2105; x_wconf 85' lang='lat' dir='ltr'><em>Ilion</em></span> <span class='ocrx_word' id='word_1_128' title='bbox 1272 2055 1782 2107; x_wconf 75' lang='lat' dir='ltr'><strong>DAMNATAM=</strong></span> <span class='ocrx_word' id='word_1_129' title='bbox 1836 2040 2054 2131; x_wconf 84' lang='lat' dir='ltr'><em>quippe</em></span> <span class='ocrx_word' id='word_1_130' title='bbox 2106 2038 2473 2107; x_wconf 83' lang='lat' dir='ltr'><em>intervenit</em></span> <span class='ocrx_word' id='word_1_131' title='bbox 2526 2039 2584 2099; x_wconf 70' lang='grc' dir='ltr'><em>τὶ</em></span> 
     </span>
     <span class='ocr_line' id='line_1_19' title="bbox 796 2130 2581 2227; baseline 0.001 -25"><span class='ocrx_word' id='word_1_132' title='bbox 796 2131 1133 2227; x_wconf 83' lang='lat' dir='ltr'><em>pulverem</em></span> <span class='ocrx_word' id='word_1_133' title='bbox 1149 2180 1176 2223; x_wconf 85' lang='lat'>‚</span> <span class='ocrx_word' id='word_1_134' title='bbox 1225 2130 1607 2227; x_wconf 38' lang='lat' dir='ltr'><em>dubiumque*</em></span> <span class='ocrx_word' id='word_1_135' title='bbox 1637 2136 1858 2225; x_wconf 87' lang='lat' dir='ltr'><em>prima</em></span> <span class='ocrx_word' id='word_1_136' title='bbox 1872 2133 2054 2227; x_wconf 82' lang='lat' dir='ltr'><em>facie</em></span> <span class='ocrx_word' id='word_1_137' title='bbox 2095 2130 2307 2204; x_wconf 80' lang='lat' dir='ltr'><em>reddit</em></span> <span class='ocrx_word' id='word_1_138' title='bbox 2327 2182 2352 2223; x_wconf 85' lang='lat'>‚</span> <span class='ocrx_word' id='word_1_139' title='bbox 2368 2145 2581 2205; x_wconf 86' lang='lat' dir='ltr'><em>utrum</em></span> 
     </span>
     <span class='ocr_line' id='line_1_20' title="bbox 809 2224 2585 2396; baseline 0.001 -96"><span class='ocrx_word' id='word_1_140' title='bbox 809 2226 1000 2396; x_wconf 40' lang='lat' dir='ltr'><em>luffa</em></span> <span class='ocrx_word' id='word_1_141' title='bbox 1062 2224 1461 2301; x_wconf 77' lang='lat' dir='ltr'><em>damnatum</em></span> <span class='ocrx_word' id='word_1_142' title='bbox 1509 2276 1536 2320; x_wconf 88' lang='lat'>,</span> <span class='ocrx_word' id='word_1_143' title='bbox 1616 2250 1705 2301; x_wconf 81' lang='lat' dir='ltr'><em>an</em></span> <span class='ocrx_word' id='word_1_144' title='bbox 1767 2230 2123 2327; x_wconf 84' lang='lat' dir='ltr'><strong>pulverem</strong></span> <span class='ocrx_word' id='word_1_145' title='bbox 2192 2227 2585 2302; x_wconf 77' lang='lat' dir='ltr'><em>damnatum</em></span> 
     </span>
     <span class='ocr_line' id='line_1_21' title="bbox 810 2338 1002 2396; baseline 0.005 -3"><span class='ocrx_word' id='word_1_146' title='bbox 810 2348 897 2396; x_wconf 71' lang='lat' dir='ltr'><em>ve</em></span> <span class='ocrx_word' id='word_1_147' title='bbox 921 2338 1002 2395; x_wconf 83' lang='lat' dir='ltr'><em>tt.</em></span> 
     </span>
    </p>

    <p class='ocr_par' dir='ltr' id='par_1_6' title="bbox 814 2418 2600 3098">
     <span class='ocr_line' id='line_1_22' title="bbox 913 2418 2577 2520; baseline 0.002 -28"><span class='ocrx_word' id='word_1_148' title='bbox 913 2418 1148 2493; x_wconf 83' lang='lat' dir='ltr'>Imtno</span> <span class='ocrx_word' id='word_1_149' title='bbox 1180 2419 1363 2494; x_wconf 81' lang='lat' dir='ltr'><strong>nulla</strong></span> <span class='ocrx_word' id='word_1_150' title='bbox 1392 2420 1511 2494; x_wconf 74' lang='lat' dir='ltr'><em>hic</em></span> <span class='ocrx_word' id='word_1_151' title='bbox 1544 2419 1953 2520; x_wconf 83' lang='lat' dir='ltr'><em>ambiguitas</em></span> <span class='ocrx_word' id='word_1_152' title='bbox 1974 2474 2001 2517; x_wconf 85' lang='lat'>,</span> <span class='ocrx_word' id='word_1_153' title='bbox 2052 2420 2239 2494; x_wconf 86' lang='lat' dir='ltr'>nulla</span> <span class='ocrx_word' id='word_1_154' title='bbox 2271 2421 2577 2497; x_wconf 88' lang='lat' dir='ltr'>obscuri-</span> 
     </span>
     <span class='ocr_line' id='line_1_23' title="bbox 814 2516 2586 2619; baseline 0.002 -29"><span class='ocrx_word' id='word_1_155' title='bbox 814 2535 915 2590; x_wconf 85' lang='lat' dir='ltr'><em>tas</em></span> <span class='ocrx_word' id='word_1_156' title='bbox 949 2546 976 2602; x_wconf 66' lang='grc' dir='ltr'><strong><em>ς</em></strong></span> <span class='ocrx_word' id='word_1_157' title='bbox 1045 2518 1196 2613; x_wconf 83' lang='lat' dir='ltr'><em>quis</em></span> <span class='ocrx_word' id='word_1_158' title='bbox 1246 2518 1436 2590; x_wconf 82' lang='lat' dir='ltr'><strong>enim</strong></span> <span class='ocrx_word' id='word_1_159' title='bbox 1479 2516 1649 2591; x_wconf 84' lang='lat' dir='ltr'>adeo</span> <span class='ocrx_word' id='word_1_160' title='bbox 1692 2520 1805 2591; x_wconf 87' lang='lat' dir='ltr'><em>ine</em></span> <span class='ocrx_word' id='word_1_161' title='bbox 1855 2538 1965 2591; x_wconf 88' lang='lat' dir='ltr'><em>tus</em></span> <span class='ocrx_word' id='word_1_162' title='bbox 2024 2518 2127 2590; x_wconf 87' lang='lat' dir='ltr'><em>est</em></span> <span class='ocrx_word' id='word_1_163' title='bbox 2155 2570 2182 2610; x_wconf 85' lang='lat'>‚</span> <span class='ocrx_word' id='word_1_164' title='bbox 2248 2537 2332 2590; x_wconf 92' lang='lat' dir='ltr'><em>ut</em></span> <span class='ocrx_word' id='word_1_165' title='bbox 2393 2539 2586 2619; x_wconf 88' lang='lat' dir='ltr'><strong>putet</strong></span> 
     </span>
     <span class='ocr_line' id='line_1_24' title="bbox 816 2611 2592 2705; baseline 0.003 -23"><span class='ocrx_word' id='word_1_166' title='bbox 816 2612 1200 2683; x_wconf 81' lang='lat' dir='ltr'><em>damnatum</em></span> <span class='ocrx_word' id='word_1_167' title='bbox 1232 2611 1318 2684; x_wconf 80' lang='lat' dir='ltr'><em>ad</em></span> <span class='ocrx_word' id='word_1_168' title='bbox 1341 2616 1677 2705; x_wconf 83' lang='lat' dir='ltr'><em>pulverem</em></span> <span class='ocrx_word' id='word_1_169' title='bbox 1690 2639 1764 2688; x_wconf 87' lang='lat' dir='ltr'><em>re</em></span> <span class='ocrx_word' id='word_1_170' title='bbox 1792 2613 1968 2687; x_wconf 76' lang='lat' dir='ltr'>etri?</span> <span class='ocrx_word' id='word_1_171' title='bbox 2020 2615 2592 2688; x_wconf 57' lang='lat' dir='ltr'>Correfikordam·</span> 
     </span>
     <span class='ocr_line' id='line_1_25' title="bbox 821 2706 2595 2803; baseline 0.002 -22"><span class='ocrx_word' id='word_1_172' title='bbox 821 2721 1050 2781; x_wconf 85' lang='lat' dir='ltr'><em>natam</em></span> <span class='ocrx_word' id='word_1_173' title='bbox 1082 2706 1156 2778; x_wconf 92' lang='lat' dir='ltr'><em>in</em></span> <span class='ocrx_word' id='word_1_174' title='bbox 1183 2708 1563 2783; x_wconf 83' lang='lat' dir='ltr'><em>damnatum</em></span> <span class='ocrx_word' id='word_1_175' title='bbox 1594 2713 1929 2803; x_wconf 78' lang='lat' dir='ltr'><em>mutavit,</em></span> <span class='ocrx_word' id='word_1_176' title='bbox 2029 2713 2143 2784; x_wconf 87' lang='lat' dir='ltr'><em>uia</em></span> <span class='ocrx_word' id='word_1_177' title='bbox 2175 2715 2340 2785; x_wconf 82' lang='lat' dir='ltr'><em>Ilion</em></span> <span class='ocrx_word' id='word_1_178' title='bbox 2368 2714 2595 2784; x_wconf 86' lang='lat' dir='ltr'>neutri</span> 
     </span>
     <span class='ocr_line' id='line_1_26' title="bbox 825 2737 2595 2903; baseline 0.005 -29"><span class='ocrx_word' id='word_1_179' title='bbox 825 2803 1091 2903; x_wconf 85' lang='lat' dir='ltr'><strong>generis</strong></span> <span class='ocrx_word' id='word_1_180' title='bbox 1105 2803 1276 2899; x_wconf 83' lang='lat' dir='ltr'>effe,</span> <span class='ocrx_word' id='word_1_181' title='bbox 1324 2802 1584 2879; x_wconf 86' lang='lat' dir='ltr'>scilicet</span> <span class='ocrx_word' id='word_1_182' title='bbox 1616 2805 1878 2883; x_wconf 73' lang='lat' dir='ltr'>a&#39;re&amp;0</span> <span class='ocrx_word' id='word_1_183' title='bbox 1914 2737 2067 2881; x_wconf 45' lang='lat' dir='ltr'><em>effu</em></span> <span class='ocrx_word' id='word_1_184' title='bbox 2089 2808 2317 2901; x_wconf 84' lang='lat' dir='ltr'>Ilion,</span> <span class='ocrx_word' id='word_1_185' title='bbox 2364 2808 2595 2882; x_wconf 81' lang='lat' dir='ltr'><strong>existi·</strong></span> 
     </span>
     <span class='ocr_line' id='line_1_27' title="bbox 825 2900 2600 3005; baseline 0.005 -33"><span class='ocrx_word' id='word_1_186' title='bbox 825 2900 1038 2972; x_wconf 84' lang='lat' dir='ltr'>mavit</span> <span class='ocrx_word' id='word_1_187' title='bbox 1073 2931 1100 2987; x_wconf 77' lang='lat'>5</span> <span class='ocrx_word' id='word_1_188' title='bbox 1153 2900 1253 2973; x_wconf 84' lang='lat' dir='ltr'><em>est</em></span> <span class='ocrx_word' id='word_1_189' title='bbox 1289 2920 1521 2976; x_wconf 83' lang='lat' dir='ltr'>autem</span> <span class='ocrx_word' id='word_1_190' title='bbox 1566 2902 1652 2976; x_wconf 84' lang='lat' dir='ltr'><em>ab</em></span> <span class='ocrx_word' id='word_1_191' title='bbox 1701 2906 1857 2977; x_wconf 88' lang='lat' dir='ltr'><em>Ilios</em></span> <span class='ocrx_word' id='word_1_192' title='bbox 1882 2956 1909 2999; x_wconf 85' lang='lat'><strong>,</strong></span> <span class='ocrx_word' id='word_1_193' title='bbox 1978 2903 2167 3003; x_wconf 91' lang='lat' dir='ltr'><em>quod</em></span> <span class='ocrx_word' id='word_1_194' title='bbox 2197 2956 2227 2999; x_wconf 79' lang='lat'><strong>,</strong></span> <span class='ocrx_word' id='word_1_195' title='bbox 2274 2904 2600 3005; x_wconf 73' lang='lat' dir='ltr'><em>utsupra</em></span> 
     </span>
     <span class='ocr_line' id='line_1_28' title="bbox 828 2993 1971 3098; baseline 0.009 -33"><span class='ocrx_word' id='word_1_196' title='bbox 828 2993 1096 3068; x_wconf 84' lang='lat' dir='ltr'>ostendi</span> <span class='ocrx_word' id='word_1_197' title='bbox 1126 3046 1153 3088; x_wconf 88' lang='lat'>,</span> <span class='ocrx_word' id='word_1_198' title='bbox 1219 2995 1530 3074; x_wconf 83' lang='lat' dir='ltr'>feminini</span> <span class='ocrx_word' id='word_1_199' title='bbox 1555 3001 1821 3098; x_wconf 84' lang='lat' dir='ltr'>generis</span> <span class='ocrx_word' id='word_1_200' title='bbox 1849 2999 1971 3075; x_wconf 87' lang='lat' dir='ltr'><em>est.</em></span> 
     </span>
    </p>

    <p class='ocr_par' dir='ltr' id='par_1_7' title="bbox 920 3091 1709 3184">
     <span class='ocr_line' id='line_1_29' title="bbox 920 3091 1709 3184; baseline 0.004 -17"><span class='ocrx_word' id='word_1_201' title='bbox 920 3091 1063 3184; x_wconf 62' lang='lat' dir='ltr'><em>⁸VI.</em></span> <span class='ocrx_word' id='word_1_202' title='bbox 1114 3117 1249 3166; x_wconf 80' lang='lat' dir='ltr'><em>vv,</em></span> <span class='ocrx_word' id='word_1_203' title='bbox 1310 3116 1422 3168; x_wconf 92' lang='lat'><em>10.</em></span> <span class='ocrx_word' id='word_1_204' title='bbox 1467 3119 1709 3170; x_wconf 57' lang='grc' dir='ltr'><em>ειη.</em></span> 
     </span>
    </p>

    <p class='ocr_par' dir='ltr' id='par_1_8' title="bbox 839 3200 2677 3664">
     <span class='ocr_line' id='line_1_30' title="bbox 1020 3200 1938 3283; baseline 0.005 -25"><span class='ocrx_word' id='word_1_205' title='bbox 1020 3207 1147 3258; x_wconf 83' lang='lat' dir='ltr'><em>Non</em></span> <span class='ocrx_word' id='word_1_206' title='bbox 1170 3200 1450 3279; x_wconf 71' lang='lat' dir='ltr'><em>auspicatos</em></span> <span class='ocrx_word' id='word_1_207' title='bbox 1474 3205 1706 3264; x_wconf 77' lang='lat' dir='ltr'><em>contudit</em></span> <span class='ocrx_word' id='word_1_208' title='bbox 1724 3203 1938 3283; x_wconf 74' lang='lat' dir='ltr'><em>impetus</em></span> 
     </span>
     <span class='ocr_line' id='line_1_31' title="bbox 1101 3293 1956 3377; baseline 0.009 -26"><span class='ocrx_word' id='word_1_209' title='bbox 1101 3293 1343 3356; x_wconf 83' lang='lat' dir='ltr'>Nostros</span> <span class='ocrx_word' id='word_1_210' title='bbox 1373 3316 1441 3363; x_wconf 70' lang='grc' dir='ltr'><em>ω’</em></span> <span class='ocrx_word' id='word_1_211' title='bbox 1466 3300 1687 3377; x_wconf 74' lang='lat' dir='ltr'><em>adjectffe</em></span> <span class='ocrx_word' id='word_1_212' title='bbox 1701 3301 1956 3377; x_wconf 79' lang='lat' dir='ltr'><em>praedam</em></span> 
     </span>
     <span class='ocr_line' id='line_1_32' title="bbox 942 3392 1904 3493; baseline 0.007 -42"><span class='ocrx_word' id='word_1_213' title='bbox 942 3477 957 3493; x_wconf 87' lang='lat'><strong>.</strong></span> <span class='ocrx_word' id='word_1_214' title='bbox 1176 3392 1457 3477; x_wconf 77' lang='lat' dir='ltr'><em>Torqus&#39;bus</em></span> <span class='ocrx_word' id='word_1_215' title='bbox 1473 3395 1662 3471; x_wconf 81' lang='lat' dir='ltr'><em>exiguis</em></span> <span class='ocrx_word' id='word_1_216' title='bbox 1687 3399 1904 3458; x_wconf 79' lang='lat' dir='ltr'><em>renidet.</em></span> 
     </span>
     <span class='ocr_line' id='line_1_33' title="bbox 839 3478 2677 3602; baseline 0.009 -45"><span class='ocrx_word' id='word_1_217' title='bbox 839 3478 1143 3566; x_wconf 83' lang='lat' dir='ltr'>Cnticus</span> <span class='ocrx_word' id='word_1_218' title='bbox 1199 3488 1530 3563; x_wconf 83' lang='lat' dir='ltr'>mediocri</span> <span class='ocrx_word' id='word_1_219' title='bbox 1581 3486 1889 3570; x_wconf 79' lang='lat' dir='ltr'>adhibita</span> <span class='ocrx_word' id='word_1_220' title='bbox 1949 3493 2345 3575; x_wconf 82' lang='lat' dir='ltr'>attentione</span> <span class='ocrx_word' id='word_1_221' title='bbox 2393 3494 2605 3602; x_wconf 71' lang='lat' dir='ltr'><strong>coqii·</strong></span> <span class='ocrx_word' id='word_1_222' title='bbox 2655 3557 2677 3596; x_wconf 33' lang='lat'><em>1,</em></span> 
     </span>
     <span class='ocr_line' id='line_1_34' title="bbox 992 3605 2607 3664; baseline 0.002 -4"><span class='ocrx_word' id='word_1_223' title='bbox 992 3608 996 3612; x_wconf 76' lang='grc'><em>’</em></span> <span class='ocrx_word' id='word_1_224' title='bbox 2472 3605 2607 3664; x_wconf 70' lang='lat' dir='ltr'><em>met</em></span> 
     </span>
    </p>
   </div>
  </div>
 </body>
</html>
