2743 4378
360 401 824 486 HoART‚
873 398 1304 484 BENTL.
1356 401 1552 477 CAP.
1582 401 1724 482 x1.
1852 419 1992 496 149

187 525 438 618 flumen
472 529 772 603 Rhenum
803 535 1210 623 transterunt.
1304 527 1458 602 Ubi
1504 528 1687 601 forte
1741 527 1989 600 melius

202 623 343 704 hoc
380 625 623 697 ordine
637 680 663 721 ,
697 653 838 706 cum
869 629 1192 706 hominum
1237 629 1643 699 multitudine
1674 677 1699 717 ‚
1733 625 1987 716 flumen

199 720 338 800 &a
392 742 637 794 contra
671 724 856 796 idem
893 721 1135 795 Caesar
1167 721 1327 795 alibi
1361 722 1588 819 posuit
1620 746 1759 795 cum
1791 737 1985 793 tanta

194 821 628 890 multitudine.
730 820 1065 892 Ceterum
1100 821 1174 890 in
1204 820 1517 890 oratione
1545 819 1843 890 numeris
1874 815 1982 890 so-

191 911 340 985 luta
357 967 383 1007 ‚
419 916 574 987 alias
590 897 1006 1013 adjeRivum
1028 913 1607 1012 praepositionem
1635 940 1771 987 cum
1788 939 1983 1010 prae-

190 1010 440 1082 cedere
489 1010 696 1083 debet
733 1063 759 1103 ,
816 1011 972 1084 aliae
1019 1035 1172 1084 eam
1223 1008 1545 1108 consequi
1581 1043 1607 1097 3
1660 1011 1847 1108 quod
1892 1036 1983 1083 ex

185 1109 376 1178 varia
402 1106 780 1194 verborum
817 1109 1185 1204 qualitate,
1241 1108 1316 1179 ὃς
1340 1105 1663 1204 junctura
1684 1157 1708 1198 ,
1742 1125 1981 1178 utrum

187 1201 350 1274 fieri
386 1199 668 1294 deceat,
719 1207 985 1301 optime
1019 1201 1483 1301 dignoscitur:
1539 1200 1727 1298 quod
1746 1220 1979 1279 autem

184 1297 277 1378 'ad
317 1296 526 1380 Plinii
559 1297 795 1377 locum
828 1298 1455 1390 attinet5existimo
1490 1295 1699 1368 verba
1727 1297 1983 1394 aptissi-

187 1389 312 1475 'me
342 1392 472 1464 esse
506 1414 989 1493 coagmentata
1037 1407 1060 1479 (
1088 1394 1223 1466 fuit
1258 1396 1444 1476 enim
1480 1394 1556 1466 &
1592 1395 1663 1464 in
1704 1391 1982 1489 Episto-

183 1488 272 1571 lis
308 1513 755 1571 numerorum
790 1491 908 1564 dili
966 1503 1126 1576 ens)
1181 1489 1391 1588 idque
1428 1490 1503 1562 ὃς
1534 1514 1722 1561 aures
1755 1489 1982 1561 erudi-

179 1603 297 1657 tae
395 1585 742 1659 robabunt
763 1596 801 1679 ¹,
1030 1587 1360 1687 quaedam
1427 1585 1978 1678 observatione8‚

185 1611 392 1779 quidP
392 1681 820 1757 numerosam
869 1684 1075 1759 faciat
1123 1685 1508 1762 orationem
1562 1683 1978 1781 intelligenti

187 1803 336 1850 non
367 1780 766 1880 incognitae
787 1833 811 1874 ‚
845 1781 1047 1866 facilc
1082 1780 1469 1863 ostendent.
1526 1780 1663 1852 Sed
1701 1800 1973 1877 tempus

190 1874 334 1967 est,
387 1897 467 1947 ut
499 1880 583 1962 ad
619 1877 727 1960 As
760 1878 1020 1953 ndeton
1055 1879 1084 1971 ',
1135 1879 1319 1951 unde
1369 1876 1656 1974 degreffi
1705 1875 1929 1950 sumus
1944 1928 1970 1972 ,

177 1992 628 2046 revertamur.
680 1904 917 2047 (dr-arm.
961 1978 1098 2048 III.
1134 2000 1254 2070 27.
1286 2000 1352 2045 v.
1392 1998 1515 2049 22.
1988 1985 1991 1986 ’

763 2082 990 2139 Orientis
1025 2081 1248 2153 Austri,
1282 2097 1347 2142 (9·

178 2170 377 2244 Cum
411 2172 633 2243 oratio
681 2170 997 2245 dissoluta
1048 2168 1660 2268 imprecationibus
1709 2198 1967 2246 conve-

177 2270 380 2357 niat,
430 2265 754 2362 copulam
795 2270 876 2346 53⁹
920 2267 1080 2366 post
1110 2269 1340 2360 Austri
1385 2267 1556 2336 haec
1594 2267 1819 2362 figura
1851 2270 1971 2350 de-

172 2362 458 2448 lendam
491 2362 621 2433 effe
655 2361 924 2456 suadet,
978 2388 1186 2458 quam
1218 2362 1303 2433 ab
1338 2361 1613 2457 optimo
1646 2363 1971 2435 Pulman-

179 2461 396 2545 niano
433 2458 650 2531 abess'e
681 2460 916 2556 postea
949 2458 1392 2557 deprehendi.
1447 2457 1628 2528 Item
1659 2483 1726 2531 v.
1760 2482 1874 2554 23.

587 2569 847 2647 Aequoris
874 2569 1010 2646 nigri
1026 2568 1309 2642 fremitum
1349 2589 1420 2632 o·
1438 2567 1705 2625 trementis

183 2657 426 2733 eadem
478 2658 527 2730 fi
630 2682 703 2730 ra
752 2656 845 2731 ob
875 2655 1165 2730 'eandem
1214 2657 1548 2728 rationem
1602 2658 1722 2728 hie
1770 2658 1856 2740 ἐφ’
1891 2686 1964 2733 a.

173 2755 484 2828 bundare
563 2754 811 2827 eclarat
831 2807 857 2848 ‚
909 2753 1136 2854 quod,
1170 2752 1446 2825 inscitus
1471 2753 1961 2853 ⁴Interpolator

175 2853 261 2931 {9³
297 2851 451 2923 addi
482 2850 729 2924 debere
772 2870 1016 2948 putans
1039 2910 1061 2942 ,
1111 2849 1657 2948 inepteadjecit.
1752 2853 1958 2925 Prae-

178 2966 373 3020 terea
409 2999 435 3038 ‚
453 2947 581 3019 hac
613 2949 950 3044 particula
993 2945 1252 3021 sublata
1278 2998 1304 3038 ‚
1374 2944 1583 3018 verba
1610 2946 1962 3037 fremitum

171 3049 506 3116 trementis
547 3044 857 3117 efficiunt
912 3064 993 3116 ut
1050 3041 1189 3141 ipse
1241 3042 1442 3113 maris
1501 3040 1813 3112 fremitus
1844 3070 1962 3117 au·
2012 3110 2015 3113 ,

177 3164 291 3211 res
328 3137 639 3211 videatur
673 3140 897 3213 ferire.
998 3140 1179 3211 Eod.
1213 3138 1449 3211 Carm.
1479 3162 1609 3210 vv‚
1640 3140 1762 3233 46.
1793 3162 1913 3238 47.

367 3247 542 3303 Dedat
557 3248 725 3304 iratae
759 3250 985 3307 lacerare
997 3251 1146 3321 fhrro
1162 3290 1180 3317 ,
1219 3262 1285 3308 <5⁹

375 3352 622 3418 Frangere
653 3347 824 3404 enitar

176 3435 583 3509 Articulum
616 3462 717 3508 ινιτ
773 3441 982 3538 ejicio
1013 3491 1039 3531 ‚
1091 3441 1252 3537 quia
1304 3435 1959 3511 vehementiffimam

175 3534 494 3634 Europes
543 3533 714 3606 iram
774 3561 853 3609 ac
915 3536 1220 3704 furori?
1275 3537 1582 3609 minue-re
1648 3534 1721 3606 δε
1820 3531 1961 3603 nasi
2030 3618 2033 3621 y

1138 3633 1193 3711 f
1262 3652 1303 3729 3
1815 3650 1964 3699 ran-
