2743 4378
761 426 899 501 ¹50
1099 394 1973 474 ANIMADVERS.
2059 392 2192 468 IN

749 531 1061 629 frangere
1113 527 1418 602 videtur.
1522 522 1766 616 Adde,
1817 520 2009 621 quod
2042 574 2067 614 ‚
2119 546 2284 595 cum
2330 519 2549 621 virgi·

746 629 1037 700 nitatem
1070 624 1157 698 ab
1195 623 1436 696 infami
1471 623 1718 694 Tauro
1757 619 1885 693 fibi
1931 638 2245 717 ereptam
2302 616 2547 715 deplo-

750 744 926 796 mret
946 776 973 816 ‚
1028 746 1467 794 LACERARE
1500 718 1794 791 verbum
1828 717 2067 789 mitius
2108 715 2235 789 fibi
2262 712 2547 788 videba-

751 841 908 914 tur,
959 823 1322 915 Frangere,
1374 817 1569 913 quod
1604 816 1704 887 est
1733 816 1944 914 longe
1986 811 2278 911 asperius
2312 864 2341 906 ,
2393 832 2544 894 tan-

755 943 963 1016 quam
999 914 1065 989 se
1096 916 1454 1012 corrigens
1485 913 1801 1009 subjecit.
2112 913 2117 917 ’

857 1015 1059 1087 Idem
1100 1010 1873 1085 Carm.1V.X111.v.
1918 1033 2029 1106 17.

958 1129 1080 1201 §2:00
1096 1125 1242 1200 fugit
1262 1133 1425 1180 Venus
1441 1101 1479 1182 ,δι
1496 1123 1595 1179 heu
1610 1128 1636 1179 !
1675 1139 1842 1201 quove
1874 1121 2046 1180 color?
2082 1118 2294 1180 decens

771 1217 943 1291 illud
982 1244 1080 1292 νε
1137 1215 1604 1314 Interpolator
1643 1269 1669 1309 ‚
1720 1215 1911 1315 quod
1960 1213 2289 1312 Asyndeti
2340 1214 2556 1288 virtu‘

777 1335 928 1388 tem
974 1317 1366 1414 ignoravit,
1417 1314 1736 1411 imperite
1784 1311 2079 1385 intrufit.
2178 1310 2296 1383 Ad
2342 1310 2553 1384 affec-

772 1432 926 1485 tum
985 1414 1175 1484 enim
1234 1407 1498 1483 Poetae
1563 1409 2091 1507 exprimendum
2169 1409 2555 1481 orationem

771 1508 1092 1581 dissolute
1127 1527 1517 1580 currentem
1548 1509 1840 1578 omnino
1874 1507 2100 1579 valere
2153 1530 2362 1578 nemo
2419 1529 2557 1584 non

777 1605 1143 1703 intelligat.
1241 1603 1481 1696 Quare
1515 1602 1755 1676 locum
1792 1603 1929 1696 fle,
1978 1625 2061 1677 ut
2093 1598 2292 1701 supra
2321 1626 2556 1674 emen·-

778 1700 982 1790 davi,
1033 1699 1407 1797 legendum
1440 1697 1737 1771 arbitror
1754 1732 1782 1786 3

963 1807 1453 1881 Quosugiel'enus?
1487 1806 1618 1864 heu!
1655 1826 1777 1884 quo
1795 1809 1966 1869 calor?
2007 1810 2127 1868 heu
2163 1811 2178 1865 !
2216 1807 2392 1865 decens

783 1904 985 2074 {dde
1056 1903 1245 2003 quod
1305 1908 1427 1977 heu
1478 1910 1911 2005 geminatum
1981 1911 2128 1983 vim
2200 1905 2564 1991 sententiae

778 2028 818 2075 a
863 2028 902 2073 a
1000 2021 1093 2074 et.

881 2024 1067 2172 Ιιέἕῐι]
1102 2099 1336 2199 Epod.
1371 2104 1465 2177 V.
1498 2128 1565 2172 V.
1605 2121 1671 2203 3.

999 2210 1248 2289 Qidifle
1259 2212 1369 2283 sert
1383 2211 1687 2272 tumultus?
1715 2230 1781 2275 Θ·
1799 2213 1928 2292 quid
1952 2215 2185 2273 omnium
2494 2226 2501 2233 ’

789 2300 1113 2395 Qidam
1162 2302 1322 2376 libri
1369 2305 1628 2378 habent
1675 2324 1795 2378 aut
1845 2311 2004 2401 quid
2036 2334 2062 2379 .·
2122 2305 2234 2379 sed
2282 2326 2570 2407 utraque

787 2398 1127 2495 particula
1159 2397 1448 2473 delenda
1463 2403 1563 2474 est
1581 2429 1599 2476 ε
1654 2423 1896 2476 neutra
1910 2406 2095 2476 enim
2110 2404 2564 2502 graviffimam.

785 2497 983 2591 pueri
1035 2496 1209 2571 iram
1254 2502 1639 2593 exprimit:
1708 2525 1952 2573 verum
2018 2504 2274 2573 utravis
2343 2502 2569 2580 addita

792 2614 944 2697 5:111]
994 2589 1410 2663 moderatur.
1480 2594 1719 2686 Qare
1766 2597 1832 2668 le
1885 2597 2141 2670 endum
2184 2602 2407 2694 ecquid
2417 2649 2446 2699 ,
2498 2599 2573 2673 &

783 2705 894 2772 ⁴ita
924 2683 1182 2757 habent
1217 2688 1580 2762 Editiones
1607 2691 1831 2765 Ascen
1861 2719 2071 2768 lanae.

895 2781 1078 2855 Item
1112 2782 1343 2882 Epod.
1381 2787 1554 2859 VII.
1588 2816 1655 2862 v.
1687 2816 1745 2863 1.
2268 2790 2271 2795 ’

976 2897 1097 2969 ⁴2⁸0
1110 2906 1135 2952 ,ἓ
1172 2914 1272 2971 qno
1291 2893 1478 2969 scelesti
1497 2895 1687 2956 ruitis?
1733 2902 1795 2958 ὅ(
1823 2918 1922 2960 cur
1934 2900 2157 2989 dexgeris
2368 2959 2374 2969 ,

809 2985 895 3066 &⁴
962 3010 1075 3058 cur
1140 2983 1396 3056 habent
1442 2984 1675 3084 scripti
1723 2992 1800 3065 ὅτ,
1865 2995 2185 3090 impreffi.
2308 2999 2581 3073 Verum

811 3085 1102 3154 omnino
1165 3082 1536 3180 legendum
1604 3092 1827 3181 ecquid
1850 3123 1878 3178 3
1958 3094 2212 3190 copula
2259 3098 2451 3170 enim
2504 3105 2582 3177 ῤ’

807 3182 1240 3250 concitatum
1288 3179 1778 3279 indignationis
1826 3207 2102 3262 motum
2150 3195 2585 3293 comprimit.

813 3271 996 3342 Illud
1027 3294 1260 3346 autem
1291 3300 1405 3347 cur
1434 3303 1523 3349 ex
1569 3280 2134 3380 interpretatione
2178 3288 2422 3364 locum
2454 3318 2586 3366 vo-

811 3365 1101 3536 31ng0(
1127 3377 1534 3470 occupavit.
1627 3377 1746 3459 De
1793 3405 1935 3489 quo
1978 3383 2381 3482 gloss‘emate
2425 3388 2592 3464 vide

2400 3582 2597 3670 Item
