2743 4378
2172 141 2210 176 *Q

760 358 901 438 ¹44
1110 337 1975 417 ANIMADVERS.
2039 341 2180 417 IN

748 467 912 539 bum
965 471 1138 562 longo
1190 485 1561 561 poneretur
1599 492 1617 537 ε
1703 464 2225 540 Correstonbus
2273 481 2507 542 autem

742 562 1069 635 familiare
1107 564 1238 634 effe
1270 562 1448 634 hanc
1483 560 1577 633 ob
1624 560 1885 633 causam
1933 562 2307 636 verborum
2358 564 2507 637 col-

736 658 1154 733 locationem
1208 677 1474 730 mutare
1503 710 1529 750 ‚
1579 660 1797 729 van'ae
1841 656 2164 731 lectiones
2209 684 2382 756 quae
2429 663 2502 732 in

737 755 1018 827 Horatii
1048 755 1122 828 &
1161 754 1447 854 Virgilii
1479 753 1832 827 codicibus
1848 805 1874 845 ‚
1924 772 2006 825 ut
2038 779 2144 827 eas
2163 806 2189 846 ‚
2226 781 2399 854 quae
2430 759 2506 829 in

734 850 1025 924 aliorum
1060 849 1442 926 tinctorum
1475 850 1663 922 libris
1696 868 1960 939 extant,
1976 852 2342 946 omittam,
2392 854 2500 927 in·

737 949 1110 1020 veniuntur
1139 997 1167 1039 ,
1236 945 1505 1019 abunde
1550 945 2029 1043 comprobant.
2123 946 2329 1040 Qae
2374 949 2507 1021 ob-

736 1040 1025 1117 servatio
1058 1043 1558 1140 nonnullaeque
1589 1043 1753 1114 aliae
1788 1067 1931 1115 non
1982 1041 2200 1116 solum
2232 1044 2315 1117 ad
2349 1070 2504 1118 ver-

738 1138 990 1212 borum
1026 1141 1339 1212 ordinem
1373 1138 1567 1212 suum
1599 1141 1874 1231 Ροέῑίε,
1924 1136 2035 1210 sed
2076 1138 2151 1212 δί
2184 1141 2328 1213 aliis
2357 1140 2502 1215 fere

742 1235 1256 1335 quibuscunque
1291 1234 1757 1332 Scriptoribus
1804 1233 2294 1310 restituendum
2392 1237 2499 1310 lu-

740 1335 995 1407 timum
1029 1334 1211 1405 valet
1231 1357 1679 1431 ,quamquam
1698 1332 2017 1442 perpauci
2052 1330 2311 1405 Critici
2382 1337 2501 1407 uic

741 1431 903 1505 artis
953 1433 1131 1529 parti
1182 1453 1416 1502 curam
1462 1428 1940 1518 impendennt.
2038 1428 2274 1502 Altera
2319 1432 2499 1503 ratio

739 1550 950 1622 quae,
1001 1547 1080 1600 ut
1113 1531 1285 1622 longo
1316 1551 1455 1620 cum
1467 1525 1646 1619 fuste
1678 1523 1931 1623 legam,
1965 1547 2078 1595 me
2115 1543 2384 1619 movet,
2399 1527 2501 1600 est

738 1645 816 1693 ea
840 1680 861 1711 ,
911 1647 1115 1718 quam
1147 1621 1359 1694 modo
1398 1618 1698 1711 adduxi,
1751 1644 2192 1693 numerorum
2239 1620 2502 1697 scilicet

737 1719 1182 1789 concinnitas.
1214 1719 1462 1790 Tertia
1494 1716 1786 1812 denique
1814 1718 2017 1807 ratio,
2035 1741 2207 1816 quae
2238 1743 2353 1792 me
2371 1771 2396 1811 ‚
2414 1739 2500 1794 ut

734 1813 832 1884 ita
859 1812 1067 1885 verba
1094 1813 1436 1886 collocem
1475 1870 1498 1902 ‚
1553 1811 1849 1908 impellit
1879 1865 1904 1905 ‚
1954 1812 2057 1886 est
2108 1813 2261 1888 usus
2307 1817 2500 1912 opti-

731 1932 1007 1981 morum
1128 1932 1678 2007 uorumcumque
1759 1909 2157 1983 Poetarum.
2265 1912 2345 1985 N
2353 1937 2496 1986 unc

731 2004 1047 2103 exempla
1079 1934 1442 2107 llubjiciam
1476 2057 1503 2098 ‚
1570 2028 1742 2105 quac
1787 2005 1873 2078 ad
1939 2006 2056 2079 has
2122 2005 2448 2094 lectiones
2467 2062 2498 2103 ‚

731 2106 939 2174 multa
967 2128 1108 2176 cum
1136 2107 1320 2177 laude
1335 2155 1361 2198 ,
1412 2127 1632 2201 magno
1661 2126 1800 2174 cum
1821 2105 2090 2196 pondere
2105 2154 2131 2195 ,
2147 2107 2319 2201 longo
2349 2130 2492 2193 cum

715 2199 893 2295 suste
959 2200 1517 2275 communiendas
1546 2251 1574 2291 ‚
1641 2218 1928 2297 propter
1973 2196 2325 2274 summam'
2370 2227 2495 2274 eo-

731 2320 886 2368 rum
940 2296 1450 2372 similitudinem
1498 2297 1627 2370 ess‘e
1689 2295 2021 2391 aptiflima
2078 2320 2287 2369 nemo
2344 2323 2491 2379 non

730 2391 1082 2468 fatebitur.
1173 2395 1514 2470 Exordiar
1540 2393 1626 2468 ab
1659 2392 1964 2467 Horatio
2002 2394 2220 2468 Serm.
2254 2394 2313 2468 I.
2346 2393 2484 2469 IV.

746 2511 816 2560 V.
898 2518 968 2565 Ο.

843 2514 894 2585 5
915 2583 1073 2641 Filius
1084 2604 1296 2643 uxorem
1311 2585 1513 2666 grandi
1531 2596 1666 2645 cum
1681 2587 1797 2646 dote
1816 2566 2015 2662 recuſsit

728 2656 885 2734 Art.
920 2660 1122 2733 Po'e't.
1155 2687 1222 2735 v.
1262 2683 1429 2764 375.

911 2777 984 2827 Et
1002 2771 1217 2849 crassum
1230 2789 1549 2850 unguentum
1567 2815 1585 2843 ,
1616 2789 1682 2838 co·
1696 2774 1872 2834 Sardo
1894 2791 2037 2833 “cum
2053 2771 2198 2831 melle
2225 2785 2457 2852 papaver

633 2956 636 2959 ,
730 2871 987 2946 Cicero
1028 2867 1223 2942 Arat.
1255 2894 1321 2943 v.
1362 2893 1541 2967 242.

761 3002 767 3027 ·-
915 2988 1048 3037 Tum
1061 2981 1246 3041 multos
1264 2981 1400 3041 orbes
1415 3001 1469 3041 m
1479 2997 1627 3058 agno
1649 2995 1782 3038 cum
1798 2977 1990 3038 lumine
2004 2978 2137 3038 latos

726 3086 803 3134 v..
844 3068 1003 3158 365.

913 3152 1034 3228 Post
1045 3153 1266 3212 mediam
1278 3154 1451 3215 labens
1469 3155 1621 3216 claro
1638 3169 1772 3214 cum
1791 3166 1981 3230 corpore
1996 3155 2193 3213 nostem

720 3254 789 3304 v.
871 3240 988 3302 66.

819 3250 870 3324 4
912 3326 1161 3383 Fer-vidus
1173 3326 1254 3384 ille
1265 3327 1405 3385 canis
1419 3338 1550 3388 toto
1567 3341 1700 3386 cum
1716 3337 1908 3402 corpore
1919 3323 2046 3384 cedit

722 3397 982 3475 Catull.
1014 3401 1258 3499 Epigr.
1289 3414 1335 3476 6
1344 3429 1409 3499 7.

910 3492 1215 3572 Indepedem
1230 3497 1398 3582 ‘1255th(
1412 3499 1594 3562 multa
1618 3513 1753 3583 „cum
1768 3492 2176 3580 lauderefhxif.
2195 3521 2198 3524 ·
2310 3570 2410 3650 V·
2464 3540 2475 3561 f

2389 3599 2492 3649 11⁸-
