2743 4378
357 403 1715 507 HoRAT.13EN⁸1³L.cA1›.x1.
1818 411 1959 517 159'
2068 411 2073 418 ·

159 533 561 631 Pontificum
590 532 886 626 mutavit
902 564 930 620 3
982 531 1144 605 ideo
1175 556 1343 605 vero
1394 557 1541 607 non
1590 534 1667 606 in
1713 536 1956 618 Ponti-2

138 632 302 727 ficis
355 656 649 705 numero
699 631 983 704 unitatis
1031 629 1105 701 id
1151 632 1362 703 vertit
1396 684 1422 725 ‚
1472 629 1664 729 quod
1721 632 1985 729 plures’

143 741 300 801 una
379 727 783 802 coenabant.
904 728 1077 800 Huc
1124 727 1414 801 accedit
1479 727 1668 828 quod
1735 757 1957 806 coenae

155 827 553 922 Pontificiae
614 825 857 899 melius
901 823 1004 897 est
1055 847 1264 923 quam
1326 825 1723 920 Pontificum
1767 887 1790 920 ,
1875 850 1958 905 ut

152 921 369 1020 dapes
401 925 690 999 Saliares
731 946 939 1021 quam
988 923 1313 996 Saliorum
1345 975 1371 1016 ‚
1422 923 1498 996 &
1536 926 1967 1019 Pontifimles

155 1044 388 1108 coenae
417 1073 444 1113 ‚
497 1045 705 1117 quam
753 1021 1152 1114 Pontificum
1167 1070 1194 1112 ‚
1246 1019 1331 1099 ἐξ
1387 1022 1522 1114 Jus
1570 1022 1956 1112 Pontificale

154 1116 274 1190 vel
310 1119 732 1209 Pontificium
779 1140 986 1215 quam
1019 1116 1438 1207 Pontificum.
1536 1115 1726 1188 Vide
1755 1119 1958 1192 The..

157 1211 445 1286 faurum
475 1214 567 1285 L.
615 1214 777 1286 Lat.
827 1211 1023 1287 Rob.
1073 1211 1409 1308 Stephani
1437 1212 1514 1285 in
1545 1214 1959 1307 Pontfflcalis

131 1314 244 1401 βε
295 1312 706 1401 Pontificius.
759 1309 859 1381 Et
891 1309 988 1380 ita
1022 1306 1085 1379 le
1138 1303 1362 1399 end0,
1413 1311 1541 1381 tria
1590 1309 1708 1381 illa
1754 1310 1961 1384 verba

160 1430 325 1499 non
357 1424 616 1479 exeunt
663 1404 994 1493 fimiliter.
1086 1331 1358 1478 §lerum
1390 1403 1478 1477 de
1508 1407 1965 1480 Homoeotoae

160 1504 370 1578 leuto
412 1501 690 1578 consule
727 1503 1004 1596 Notas,
1040 1502 1116 1575 in
1147 1501 1395 1600 quibus
1445 1501 1534 1575 de
1566 1528 1763 1577 more
1797 1503 1961 1577 Ho-

162 1602 439 1674 ratiano
486 1601 619 1673 hac
667 1602 738 1674 in
789 1626 863 1674 re
912 1619 1229 1678 accurate
1289 1599 1521 1697 scripfi
1574 1603 1653 1677 &
1702 1625 1967 1675 errores

167 1716 333 1771 tuos
363 1697 700 1798 redargui.
753 1699 1016 1797 Neque
1043 1723 1211 1772 vero
1242 1696 1501 1795 nescius
1531 1694 1679 1772 sum
1727 1698 1955 1796 Epist.

167 1795 269 1868 II.
305 1797 362 1868 I.
395 1823 460 1870 v.
495 1801 619 1874 26.
652 1816 888 1881 extare
920 1799 1315 1891 Pontificum
1360 1798 1574 1877 libros.
1684 1795 1957 1870 Verum

170 1894 395 1991 quivis
431 1893 634 1967 facile
668 1895 1030 1993 perspiciat
1061 1894 1160 1967 ibi
1185 1895 1544 1989 pontificios,
1576 1892 1837 1967 duabus
1867 1893 1960 1967 de

169 1989 386 2076 caufis
415 1990 501 2063 ab
534 1994 834 2064 Horatio
866 2005 1012 2076 non·
1039 1989 1341 2064 debuisse
1370 1993 1566 2086 poni.

171 2141 174 2142 ν
264 2089 598 2183 Denique
633 2091 855 2162 Serm.
897 2087 1062 2161 Lib.
1104 2085 1308 2174 1128.
1343 2111 1474 2164 vv.
1510 2110 1628 2181 94.
1658 2110 1780 2183 952.

360 2204 431 2251 Ut
454 2194 588 2253 nihil
612 2197 816 2254 omnino
839 2194 1197 2271 gustaremu53
1232 2194 1382 2267 velut
1417 2194 1519 2265 illis

364 2289 597 2346 Canidia
625 2288 850 2372 adflaffet
870 2328 888 2355 ‚
918 2290 1054 2365 pejor
1070 2289 1392 2367 serpentibus
1424 2290 1600 2363 Afris.

179 2379 336 2474 Ubi
373 2376 468 2452 fic
503 2376 732 2452 scribis
756 2431 781 2472 ,
820 2401 940 2473 pro
973 2380 1373 2475 serpentibus
1424 2380 1611 2452 Afris
1657 2377 1968 2476 Lambini

178 2484 438 2573 aliquot
463 2479 689 2549 codices
726 2478 807 2558 [9⁹
841 2479 1081 2572 Nqster
1110 2479 1534 2574 Vtgorniensts
1566 2478 1725 2550 atris
1741 2530 1765 2569 ,
1805 2503 1964 2573 qua·

172 2600 322 2646 rum
351 2579 686 2647 leffionum
715 2591 1005 2670 utraque,
1020 2577 1271 2671 quidem
1290 2578 1497 2669 proba
1525 2576 1611 2672 est
1630 2602 1651 2666 3
1662 2582 1766 2671 stc
1795 2580 1964 2649 enim

178 2676 341 2767 alibi
369 2672 605 2767 Curru.
640 2672 774 2760 III.
809 2673 906 2769 X.
941 2698 1007 2763 v.
1055 2670 1162 2757 18.
1486 2680 1497 2685 ’

374 2789 485 2854 Νρι·
510 2780 720 2848 Mauris
745 2782 989 2855 animum
1018 2783 1194 2855 mitior
1218 2782 1487 2860 anguibus,

187 2861 463 2964 Tamen
498 2872 727 2966 nescio
762 2871 885 2969 qui
916 2872 1126 2946 altera
1157 2876 1375 2973 magis
1405 2872 1683 2967 arridet,
1703 2874 1965 2970 quippe

184 2984 393 3053 quam
436 2973 699 3067 recepit
752 2970 827 3042 &
874 2971 1393 3066 quodammodo
1444 2970 1727 3044 sacravit
1772 2971 1961 3064 opti-

182 3067 903 3235 gorumlffoetarum
952 3066 1400 3141 consuetudO.
1512 3065 1781 3149 Noster
1827 3066 1967 3162 ipse

261 3180 427 3254 arm.
579 3220 592 3234 .
624 3186 693 3258 4.
1870 3178 1876 3184 ’

372 3263 440 3311 Ut
467 3272 586 3316 tuta
614 3259 681 3317 ab
711 3263 840 3322 atris
870 3275 1062 3342 corpore,
1087 3259 1295 3340 viper-is.

188 3334 402 3418 Silius
440 3348 716 3439 Italicus
753 3355 890 3426 111.
937 3381 960 3421 ι
971 3378 1091 3441 91.

383 3457 522 3511 Ater
551 3456 739 3532 letifero
756 3460 1009 3542 stridebat
1034 3460 1253 3521 vulnere
1269 3458 1505 3539 serpen-5.

188 3550 453 3652 Vix-gil.
490 3550 760 3655 Georg.
801 3557 858 3629 Ι.
893 3579 1059 3654 224.
1183 3653 1260 3727 K
1313 3650 1355 3728 8
1454 3623 1461 3628 ,
1712 3658 1715 3659 ⁷
1825 3612 1980 3724 Ni.
