2743 4378
355 411 809 500 HORAT.
875 422 1310 502 BENTL.
1362 415 1557 500 Cap.
1594 423 1772 499 XII.
1871 417 2024 521 {13⁹
2092 467 2099 474 ·

237 540 553 637 videtur,
602 548 928 648 exiguam
958 547 1253 622 auferret
1283 546 1576 621 laudem.
1621 545 1818 618 Nam
1858 563 2025 611 cum

237 639 457 714 Poe’ta
502 640 694 714 versu
739 647 1058 741 proxime
1103 645 1553 745 praecedente
1600 640 1854 715 dixerit
1899 639 2026 708 Bis

233 750 338 807 ter
377 763 454 810 ue
499 756 828 830 expertum
863 793 889 834 ,
939 741 1107 839 quid
1125 795 1151 836 ‚
1168 740 1436 841 quaeso,
1471 740 1733 813 facilius
1783 733 2023 834 potuit

241 761 377 906 effg
407 834 684 907 Critico
700 888 726 929 ‚
777 840 898 947 qui
931 855 1221 912 tornatos
1268 835 1752 935 corrigendum
1788 831 1919 905 esse
1946 830 2022 901 in

235 947 549 1005 mentem
583 931 990 1027 induxisset,
1042 959 1250 1033 quam
1278 951 1563 1007 tornatos
1597 933 1669 1002 in
1706 949 1806 1003 ter
1836 943 2023 1000 natos

233 1028 551 1100 mutare?
601 1029 870 1104 Verum
901 1055 1050 1104 rem
1088 1030 1299 1130 ipsam
1334 1029 1851 1129 perpendamus.
1924 1023 2019 1095 11-

231 1118 356 1193 lud
405 1120 558 1198 san'e
602 1128 892 1200 omnino
936 1127 1371 1225 probandum
1419 1124 1694 1199 videtur
1740 1137 2022 1194 tornatos

235 1216 545 1293 Horatio
579 1246 725 1295 non
752 1222 1005 1296 debere
1049 1223 1423 1322 adjudicari
1459 1276 1485 1315 ‚
1532 1219 1618 1293 ab
1662 1218 1786 1290 illo
1835 1219 2022 1290 enim

242 1313 483 1406 vitio,
535 1317 722 1418 quod
770 1321 1074 1418 graviter
1120 1319 1566 1417 reprehendit
1601 1312 2020 1409 Qinffilia·

238 1431 369 1482 nus
403 1413 566 1486 Inst.
600 1416 833 1492 Oratt.
871 1415 1037 1488 Lib.
1071 1417 1288 1490 VIII.
1324 1441 1389 1489 c.
1428 1419 1495 1492 6.
1531 1412 1667 1488 fuit
1709 1408 2019 1486 alieniffi-

236 1528 414 1580 muS.
506 1514 698 1584 Nam
742 1514 820 1584 id
863 1538 1100 1608 quoque
1127 1566 1153 1607 ,
1205 1515 1434 1613 inquit
1464 1507 2021 1605 QinCtilianuS,

233 1607 309 1674 in
326 1609 566 1698 primis
608 1610 697 1703 est
742 1610 1205 1703 custodiendum
1219 1651 1224 1656 ¹
1239 1670 1263 1703 ,
1312 1628 1390 1683 ut
1418 1663 1444 1704 ,
1511 1633 1633 1706 quo
1671 1634 1751 1680 ex
1789 1628 2018 1700 genere

230 1707 493 1794 coeperis
523 1707 1003 1799 translationis,
1050 1708 1169 1781 hoc
1192 1710 1458 1801 definas.
1553 1706 1773 1781 Multi
1801 1705 1969 1773 enim
1986 1758 2016 1791 ‚

235 1821 375 1870 cum
418 1804 679 1875 initium
722 1827 769 1874 a
811 1806 1168 1899 tempestate
1190 1805 1608 1901 ficmpserunt
1637 1854 1663 1895 ‚
1729 1800 2017 1874 incendio

238 1911 356 1966 aut
390 1903 583 1970 ruina
595 1902 892 1993 finiunt.-
939 1903 1024 1975 N
1027 1927 1165 1975 unc
1193 1928 1284 1975 an
1315 1904 1446 1975 hac
1478 1922 1601 1975 tua
1631 1894 2013 1972 correffio-

230 2013 319 2068 ηε
335 2043 362 2082 ‚
411 1993 745 2069 Flaccum
772 1996 859 2067 ab
903 1997 1060 2068 hoc·
1094 2022 1326 2068 errore
1389 1995 1747 2069 absolveris
1796 2016 2007 2089 quae-

227 2087 547 2159 rendum.
638 2094 839 2162 Ret‘z‘e
886 2107 1100 2163 autem
1131 2142 1159 2188 2
1205 2092 1302 2161 ais
1331 2141 1358 2179 ‚
1410 2090 1635 2163 versus
1680 2108 1786 2161 ter
1827 2088 2008 2162 male

226 2202 461 2256 natos:
518 2189 622 2257 ita
673 2184 944 2260 Noster
972 2183 1157 2260 alibi.
1209 2184 1430 2283 Epist.
1470 2186 1567 2259 II.
1602 2185 1659 2256 I.
1690 2210 1758 2256 v.
1795 2205 1961 2284 233.

652 2292 865 2351 Incutris
884 2292 979 2372 qui
1003 2290 1232 2373 ver-subus
1253 2312 1322 2357 (9⁹.
1347 2293 1498 2353 male
1525 2293 1672 2352 natis

233 2383 458 2483 Atqui
493 2385 611 2460 hic
646 2409 846 2459 more
875 2386 1077 2462 solito
1109 2386 1435 2483 exemplo
1464 2386 1674 2459 uteris
1702 2382 2012 2459 alieniffi-

228 2506 355 2554 mo
370 2533 396 2575 ‚
446 2494 607 2555 nam
641 2483 939 2557 verfibus
970 2500 1072 2557 ter
1097 2483 1278 2556 male
1307 2482 1486 2555 natis
1519 2480 1618 2553 ibi
1652 2506 1798 2553 non
1830 2479 2010 2577 legi-

230 2597 351 2651 tur
369 2631 395 2673 ,
447 2578 634 2677 quod
668 2604 885 2655 unum
918 2580 1103 2655 reste
1130 2579 1276 2654 dici
1311 2577 1760 2678 'probandum
1812 2598 1958 2650 erat
1976 2613 2007 2666 3

222 2675 375 2775 quis
436 2676 623 2749 enim
685 2679 960 2776 ignorat
1024 2688 1149 2776 per
1215 2676 1711 2775 Metaphoram
1781 2675 2007 2769 verstcs

226 2777 397 2846 male
428 2789 614 2845 natos
646 2793 809 2872 apte
842 2773 983 2848 dici
1004 2777 1056 2848 Ρ·
1085 2793 1157 2848 at
1189 2783 1458 2865 nemo,
1509 2772 1698 2871 quod
1743 2773 1951 2845 sciam
1971 2812 2007 2862 ,›

233 2867 415 2942 dixit
445 2869 666 2965 verstts
692 2888 796 2943 ter
821 2875 985 2945 male
1016 2888 1200 2945 natos
1216 2902 1260 2961 ‚⁴
1288 2873 1459 2970 quin
1474 2871 1694 2942 immo
1710 2892 1796 2941 ne
1816 2867 2002 2940 reete

223 2965 506 3064 quidem
549 2967 738 3064 poss'e
783 2967 924 3040 diei
971 2967 1294 3042 videtur:
1379 2967 1706 3064 quoniam
1740 3016 1767 3055 ‚
1833 2949 2001 3036 cu&

225 3061 518 3137 verbum
547 3068 764 3158 nasim*
792 3067 1073 3163 proprie
1104 3064 1192 3138 de
1238 3062 1645 3136 animalibus
1686 3059 1998 3152 dicatur,

224 3178 453 3254 neque
482 3182 563 3230 ea
596 3178 702 3232 ter
733 3159 1087 3235 nascantur
1118 3212 1144 3254 ‚
1194 3160 1421 3233 eidem
1474 3157 1685 3231 verbo
1712 3156 1994 3230 adrem

222 3255 671 3329 inanimatam
715 3259 1036 3331 transsato
1067 3310 1093 3352 ‚
1132 3277 1248 3330 ’ne
1278 3256 1626 3329 transsatio
1672 3253 1997 3328 diffimilis

223 3348 361 3443 fit,
410 3349 580 3423 illud
611 3369 711 3426 ter
740 3355 944 3455 adjici
987 3379 1134 3429 non
1166 3353 1398 3428 debet.
1508 3353 1781 3447 ‘Veru'm
1813 3366 1997 3449 pone

224 3446 585 3548 werfhem
617 3455 781 3529 male
811 3468 993 3535 natos,
1006 3449 1172 3529 scite
1184 3452 1373 3625 daci,
1427 3451 1596 3532 illud
1611 3470 1840 3530 tamen
1856 3473 2003 3614 τιέὶη

1337 3571 1375 3651 3
1823 3568 1894 3615 ΥΕ
1967 3564 2008 3617 C
