2743 4378
395 363 1751 464 HoRATAEENTLcAaxL
1857 393 2009 469 157-

197 477 387 553 vitiis
436 479 886 553 Florentinus
926 475 1427 552 Pandeetarum
1486 479 1716 556 codex
1756 533 1786 573 ,
1848 506 1983 556 nec

191 600 338 651 non
375 576 802 652 Gloffarium
833 576 1096 651 Latino
1113 615 1142 629 -
1164 576 1519 650 Graecum
1548 580 1626 655 &
1663 578 1980 654 Graeco-

186 671 531 755 Latinum
550 735 575 770 ,
622 674 984 748 Taurellio
1022 673 1096 747 &
1128 674 1231 746 Η.
1262 675 1623 775 Stephano
1645 676 1980 773 testibus,

186 770 433 849 misere
457 772 815 848 laborant:
867 773 944 850 in
972 770 1380 843 Florentino
1462 773 1697 848 uidem
1727 775 1977 850 codice

180 868 299 942 ille
330 871 636 969 plurima
666 870 811 943 hoc
842 892 1061 969 genus
1076 868 1323 941 menda
1339 870 1411 944 in
1460 871 1712 964 icavit‚
1751 874 1973 951 multa

180 982 425 1042 tamen
449 969 632 1042 illius
679 967 1113 1065 diligentiam
1146 964 1287 1038 effu
1343 987 1566 1042 erunt.
1662 969 1810 1042 Hic
1842 997 1973 1045 au·

176 1081 329 1137 tem
358 1066 439 1139 in
464 1064 899 1142 Praefatione
950 1063 1037 1138 ad
1087 990 1510 1139 Closs-{ium
1560 1066 1633 1137 in
1666 1084 1968 1166 utroque

173 1158 418 1235 lexico
484 1164 603 1242 has
664 1163 891 1237 literas
954 1159 1192 1259 paffim
1242 1162 1618 1258 permutari
1668 1167 1966 1239 monuit.

169 1256 461 1340 Verum
509 1262 690 1333 hanc
739 1259 1336 1358 permutationem!
1376 1258 1654 1331 Graeco
1716 1258 1969 1333 Libra-

173 1353 292 1433 rio
329 1405 358 1447 ‚
411 1357 605 1454 quod
651 1357 868 1429 miror
887 1409 919 1451 ‚,
969 1354 1428 1454 aflignandam
1459 1355 1591 1434 esse
1635 1380 1781 1427 non
1827 1359 1974 1430 ani-

173 1451 582 1528 madvertit.
678 1454 817 1530 Sed
846 1472 928 1527 ut
957 1452 1040 1530 ad
1071 1455 1479 1530 Romanum
1512 1451 1832 1527 codicem
1862 1479 1973 1528 re·

169 1545 379 1623 deam
398 1582 427 1637 3
476 1552 743 1625 Pierius
775 1550 862 1625 ad
897 1552 1075 1624 Aen.
1104 1550 1204 1622 X.
1238 1575 1307 1621 v.
1347 1573 1510 1649 205.
1591 1552 1780 1653 Qos
1819 1554 1974 1624 Pa—

168 1659 274 1722 tre
302 1650 559 1723 Benaco
574 1684 603 1739 3
657 1656 730 1723 in
776 1653 1068 1730 Romano
1105 1650 1308 1721 codice
1342 1650 1426 1722 V
1412 1673 1599 1724 enaco
1644 1673 1818 1721 more
1842 1649 1973 1742 fico

151 1740 476 1838 scriptum
539 1748 629 1842 est
679 1770 804 1842 per
871 1771 918 1819 v
980 1746 1351 1843 digamma.
1452 1744 1676 1839 Qod
1727 1764 1965 1823 autem

168 1838 433 1919 ibidem
482 1844 724 1945 adjicit
769 1843 860 1917 de
911 1843 1313 1917 Adamantii
1345 1841 1679 1940 Martyrii
1725 1843 1966 1942 regula

167 1961 249 2015 ac
289 1939 381 2013 de
408 1941 966 2038 inscriptionibus
1009 1964 1181 2037 quae
1212 1964 1263 2011 v
1297 1964 1428 2035 pro
1461 1941 1500 2012 b
1531 1940 1791 2018 habent
1822 1992 1846 2030 ‚
1897 1942 1963 2015 ei

166 2032 574 2134 scrupulum
607 2038 909 2137 injecisse
926 2036 1201 2108 videtur
1218 2088 1244 2126 ‚
1261 2060 1349 2107 an
1363 2038 1677 2112 Romani
1693 2037 1961 2111 codicis

164 2155 414 2226 more,
464 2158 551 2208 an
577 2157 745 2208 vero
780 2158 867 2206 eo
901 2191 924 2224 ,
972 2133 1091 2231 qui
1140 2129 1271 2203 suis
1301 2132 1733 2229 temporibus
1769 2133 1956 2207 obti-

164 2229 386 2309 nebat
423 2283 449 2323 ‚
513 2229 713 2303 scribi
778 2231 1205 2302 conveniret.
1328 2228 1527 2300 Idem
1579 2247 1813 2303 tamen
1873 2231 1964 2307 ad

167 2325 441 2426 Virgil.
481 2327 641 2401 EcI.
680 2329 879 2400 11.-v.
923 2348 1037 2423 15.
1077 2343 1320 2397 monet
1341 2323 1962 2418 Adamantiumfic-

152 2427 402 2518 perbus
435 2448 560 2522 per
591 2427 632 2496 b
667 2423 869 2498 scribi
892 2422 1159 2524 jubere.
1253 2423 1598 2494 Nimirum
1616 2473 1641 2513 ‚
1692 2422 1961 2520 inquit,

164 2523 437 2595 viderat
466 2522 915 2601 Adamantius
944 2573 970 2613 ‚
1023 2519 1109 2601 &¹
1123 2517 1418 2613 fhperva
1453 2518 1538 2599 &³
1568 2523 1708 2591 alia
1741 2519 1968 2613 hujus:-

170 2623 344 2692 modi
370 2646 452 2691 ex
498 2619 617 2715 usit
654 2622 1201 2716 pronuntiationis
1230 2665 1255 2707 ‚
1306 2639 1480 2712 quae
1528 2616 1961 2712 temporibus

166 2714 297 2793 illis
342 2722 621 2793 maxime
672 2720 932 2815 vigebat
967 2776 991 2810 ,
1065 2714 1443 2811 scriptitari
1474 2746 1500 2800 3
1589 2715 1964 2792 Graecitate

149 2814 301 2906 jam
330 2817 416 2886 ab
449 2817 717 2909 Imperii
745 2815 1151 2909 transtatiogze
1171 2816 1243 2882 in
1272 2809 1641 2903 univerfhm
1681 2813 1956 2890 Italiam

168 2911 396 3002 illapsis
420 2936 448 2983 .·
495 2937 649 2984 nam
684 2913 830 2984 inde
848 2913 1438 3006 pronuntiationem
1479 2906 1782 3000 ejusmodi
1805 2929 1960 3001 pro-

169 3009 386 3101 cefflſje
423 3013 673 3104 negarit
701 3033 878 3084 nemo
910 3062 937 3102 ‚
986 3012 1095 3104 qui
1149 3008 1262 3078 vel
1303 3009 1529 3098 prima
1563 3004 1977 3086 Graecarum·

103 3154 106 3161 -
171 3108 516 3189 literarum
544 3109 847 3178 elementa
869 3107 1241 3201 perceperit.
1332 3101 1433 3177 Et
1461 3098 1720 3172 ibidem
1754 3099 1965 3175 tradit

173 3198 633 3298 Campaniam
664 3228 989 3295 omnem,
1040 3205 1118 3289 ὃ(
1151 3199 1593 3271 Bruttiorum
1628 3198 1960 3296 popuIOS,

171 3316 534 3397 totamque
568 3300 807 3374 Italiae
838 3319 1105 3399 partem
1122 3349 1149 3390 ‚
1200 3320 1373 3407 quae
1407 3293 1776 3376 Graeciam
1808 3323 1963 3370 ver..

167 3392 274 3467 sus
303 3397 537 3494 vergit
563 3448 590 3489 ‚
639 3423 688 3469 v
745 3423 874 3497 pro
921 3401 962 3470 b
1012 3406 1390 3470 enuntiare.
1480 3392 1723 3488 Adde,
1774 3395 1967 3493 quod

163 3491 402 3581 multis
428 3495 938 3591 monumentiS‚
987 3496 1061 3585 in
1096 3491 1344 3671 qtssbus
1381 3515 1432 3567 v
1464 3517 1597 3601 pro
1644 3494 1685 3571 b
1733 3510 1972 3583 extat,
