2743 4378
736 400 875 478 132
1102 361 1962 444 ANIMADVERS.
2033 359 2174 432 IN

726 502 930 598 hujus
960 492 1146 566 enim
1192 490 1336 564 loci
1370 487 1446 560 δε
1481 485 1759 557 illorum
1807 481 2018 581 longe
2059 480 2278 580 dispar
2320 482 2512 554 ratio

728 594 830 669 est
866 625 892 680 5
960 613 1125 662 cum
1176 612 1202 659 1
1225 611 1281 659 N
1329 584 1449 656 hic
1499 579 1810 654 additum
1911 578 2017 650 ost
2078 604 2235 674 quae
2280 577 2513 649 versus

726 684 1109 764 mensuram
1140 706 1285 755 non
1320 696 1725 772 corrumpat
1756 707 1782 761 5
1843 676 1866 745 i
1896 675 1986 746 lic
2035 698 2275 771 neque,
2310 698 2513 770 prae-

725 782 1141 884 pofitionem
1177 779 1270 849 ad
1299 797 1525 869 neque
1545 794 1664 865 per
1703 769 1862 861 addi
1894 768 2208 842 versuum
2239 768 2513 862 mensu-

724 907 798 955 ra
824 879 1119 978 patitur:
1174 875 1275 946 Et
1306 871 1635 967 quoniam
1668 865 1869 939 fimili
1904 864 2117 938 modo
2132 864 2324 963 saepe
2343 889 2514 962 pec-

729 981 884 1067 ciaS,
931 973 1110 1046 duos
1143 970 1261 1042 hic
1287 965 1663 1040 adscribam
1697 963 1891 1035 locos
1926 987 1966 1033 e
2003 963 2221 1033 Notis
2264 963 2400 1034 tuis
2434 963 2512 1034 in

731 1071 1115 1148 Horatium
1143 1118 1170 1158 ‚
1235 1064 1356 1136 ubi
1394 1060 1712 1157 exempla
1743 1110 1768 1150 ,
1816 1056 1902 1129 ad
1930 1057 2003 1129 id
2050 1056 2240 1156 quod
2269 1060 2502 1129 inten-

734 1168 941 1242 debas
990 1161 1420 1237 fulciendum
1447 1210 1477 1252 ‚
1529 1156 2046 1253 haudquaquam
2094 1152 2507 1226 adcommo-

733 1266 892 1339 data
924 1256 1309 1360 produxisti

835 1363 1056 1437 Serm.
1094 1354 1255 1428 Lib.
1297 1354 1355 1424 Ι.
1389 1351 1449 1422 Ι.
1486 1376 1555 1422 v.
1602 1350 1672 1424 8.

929 1476 1198 1526 Memento
1212 1476 1309 1522 aut
1325 1461 1428 1518 cita
1450 1479 1589 1518 mors
1608 1458 1757 1515 venit
1780 1501 1797 1526 ,
1836 1467 1932 1516 aut
1947 1456 2166 1515 viauia
2181 1455 2338 1513 laeta.

740 1559 858 1635 Ad
897 1584 1105 1658 quem
1136 1553 1400 1628 versum
1455 1552 1548 1623 fic
1597 1550 1829 1622 scribis
1862 1584 1889 1637 5
1947 1551 2324 1622 Momento
2375 1550 2519 1623 cita

741 1680 967 1747 mors,
1013 1660 1116 1725 ita
1147 1654 1397 1745 quidem
1426 1650 1723 1719 editiones
1759 1664 2000 1719 veteres
2037 1654 2113 1726 ὠ
2132 1649 2358 1719 codices
2373 1652 2521 1740 ple-

740 1756 920 1845 rique
951 1781 980 1837 5
1031 1748 1229 1840 nostri
1274 1761 1440 1817 certe
1503 1767 1726 1815 omnes.
1820 1746 2053 1837 Neque
2117 1747 2315 1814 aliter
2358 1747 2530 1815 citat

738 1847 900 1941 Joh.
946 1844 1427 1935 Saresberiensts
1460 1843 1531 1910 in
1563 1842 1954 1929 dolicratico
1974 1842 2056 1915 V
2044 1842 2144 1914 II.
2175 1848 2293 1931 16,
2321 1841 2529 1912 Libri

738 1960 956 2014 tamen
991 1940 1298 2013 Lambini
1328 1952 1627 2031 quatuor,
2479 1964 2491 1972 ·

739 2105 744 2110 ,
937 2058 1203 2106 Memento
1220 2057 1318 2104 aut
1333 2047 1437 2102 cita
1453 2065 1588 2122 mors
1603 2042 1749 2100 venit
1774 2080 1793 2109 ‚
1836 2054 1936 2103 aut
1955 2043 2174 2101 viflort'a
2191 2040 2348 2100 laeta.

827 2139 953 2212 uod
983 2140 1323 2234 elegantius
1339 2134 1423 2216 &²
1440 2137 1642 2231 magis
1663 2137 2099 2206 Horatianum
2112 2157 2127 2174 ·
2160 2134 2271 2209 Sic
2291 2132 2348 2208 C
2347 2151 2525 2203 arm.

747 2410 754 2419 ι
834 2237 892 2308 L
939 2260 1147 2408 ²'Qtjualis
1160 2341 1259 2392 aut
1278 2325 1466 2386 Nireus
1471 2324 1585 2398 fuit
1602 2362 1620 2391 ‚
1659 2334 1754 2380 aut
1766 2321 1956 2400 aquosi

759 2496 877 2571 IV
938 2493 982 2568 8
1483 2425 1674 2492 Raptus
1695 2413 1761 2471 ab
1799 2415 1916 2472 Ida.

943 2592 1096 2663 Qus
1112 2600 1210 2646 aut
1227 2582 1528 2662 Parrhasius
1536 2583 1751 2662 protulit
1770 2596 1865 2642 aut
1883 2592 2059 2661 Scopas

759 2679 981 2754 Serm.
1016 2679 1112 2749 ΙΙ.
1141 2703 1210 2774 7.

950 2794 1073 2854 Aut
1097 2793 1293 2870 insanit
1312 2791 1460 2852 homo
1479 2831 1499 2861 ,
1540 2802 1638 2852 aut
1654 2789 1833 2867 versus
1838 2791 1980 2865 facit

765 2901 849 2977 ἀ·
867 2894 1058 2990 saepe
1087 2897 1294 2982 alibi,

757 3056 762 3059 .
859 2988 1100 3083 Quid?
1150 2992 1311 3064 hine
1344 3007 1479 3061 tres
1510 2987 1650 3061 loci
1683 3009 1755 3062 te
1789 3008 2167 3089 coegerunt
2185 3042 2211 3084 ‚
2247 3009 2329 3065 ut
2361 3016 2531 3090 pau-

753 3089 1036 3171 ⁷ciorum
1067 3112 1147 3161 ac
1177 3087 1596 3160 deteriorum
1626 3085 1949 3160 codicum
1979 3085 2346 3162 leffionem
2368 3113 2532 3186 pro·

757 3183 1006 3265 hares?
1056 3185 1140 3256 N
1143 3210 1237 3257 on
1266 3182 1492 3255 vidisti
1529 3233 1554 3273 ,
1621 3181 1673 3254 fi
1707 3181 2040 3279 particula
2080 3200 2199 3256 aut
2228 3184 2341 3258 vel
2374 3204 2535 3257 ante

762 3301 1013 3350 vocem
1032 3279 1419 3372 Nireus‚vel
1436 3297 1593 3351 ante
1619 3281 1995 3370 Parrhafius
2010 3331 2037 3371 ,
2056 3279 2166 3363 vel
2180 3299 2344 3353 ante
2358 3280 2532 3376 insa-

764 3376 865 3442 m't
882 3375 1318 3447 omitteretur
1338 3426 1363 3466 ,
1378 3399 1935 3488 unumquemque
1951 3377 2202 3449 horum
2219 3376 2535 3450 versuum

749 3461 1022 3569 ‚syllaba
1052 3472 1355 3553 truncari
1385 3469 1418 3544 ?
1467 3471 1552 3548 N
1555 3497 1649 3548 on
1694 3471 1960 3568 vidisti,
2009 3472 2084 3550 in
2120 3471 2324 3550 ‘versu
2372 3472 2537 3549 Me-

857 3632 862 3639 .
2322 3583 2536 3645 mento
