2743 4378
744 399 894 498 136
1103 395 1976 473 ANIMADVERs.
2048 386 2184 471 IN

734 521 1045 598 inornata
1074 518 1188 592 illa
1221 542 1668 597 numerorum
1700 517 2135 617 {implicitate
2180 543 2388 615 quam
2421 543 2503 590 a*-

735 640 918 688 mare
987 615 1158 687 dicis
1217 616 1596 689 Horatium
1661 634 1927 714 pugnat
1991 615 2348 688 adnotatio
2413 612 2505 687 ad

738 712 954 786 Serm.
989 710 1154 784 Lib.
1188 712 1247 783 1.
1281 710 1418 784 IV.
1449 737 1517 786 v.
1550 734 1670 786 20.

917 820 1079 899 Usque
1089 818 1370 879 laborantis
1390 861 1405 884 ‚
1442 821 1571 878 dum
1584 821 1780 886 serrum
1798 820 2000 878 molliat
2012 818 2165 896 ignis.

741 914 879 988 Vix
909 937 954 983 a
996 937 1139 1004 me,
1189 912 1325 1005 αἱς,
1376 918 1723 1006 impetrare
1744 914 1991 1006 poffiaem
2027 962 2052 1002 ‚
2119 925 2194 984 ut
2230 912 2345 983 hoc
2372 909 2503 1002 ipſs}

738 1014 808 1081 in
844 1013 969 1081 Ioco
982 1060 1009 1100 ‚
1059 1032 1178 1103 quo
1208 1011 1575 1084 Lucilianos
1606 1008 1830 1103 versus
1861 1034 1966 1081 ceu
1982 1007 2244 1102 scabros
2277 1007 2362 1087 &³
2377 1010 2506 1077 im·-

731 1110 963 1200 politos
993 1119 1187 1180 taxat
1227 1107 1343 1177 No
1333 1106 1471 1200 ster
1487 1154 1509 1191 ‚
1560 1108 1628 1174 in
1661 1107 1917 1177 eandem
1964 1108 2210 1196 culpam
2238 1155 2265 1195 ‚
2319 1126 2512 1197 quam

745 1207 815 1274 in
847 1204 955 1273 illo
1000 1206 1291 1298 exagitat
1322 1253 1348 1295 ‚
1398 1201 1600 1295 ipsum
1645 1202 1921 1295 incidiffe
1972 1202 2242 1273 credam.
2340 1199 2514 1271 Vide

747 1302 912 1371 enim
941 1323 1130 1393 quam
1158 1299 1388 1370 durum
1418 1302 1551 1370 exit
1570 1347 1595 1387 ‚
1647 1297 1730 1378 δ’
1774 1312 2008 1393 quanto
2039 1298 2354 1369 labiorum
2407 1319 2509 1368 cv—

761 1410 922 1467 Μία
938 1487 1102 1566 tffque
1114 1486 1398 1547 laborantis
1413 1527 1433 1556 ,
1464 1488 1805 1561 dumfmum
1816 1485 2012 1545 molliat
2026 1484 2169 1561 ignis.

757 1583 1030 1681 ‚Quanto
1073 1593 1290 1652 autem
1334 1581 1585 1650 mollius
1628 1578 1945 1674 leniusque
1975 1577 2143 1672 fluit
2184 1630 2210 1668 ,
2256 1577 2520 1649 literula

755 1671 1130 1767 interficia?
2008 1671 2018 1686 '

933 1785 1094 1863 tffque
1106 1785 1387 1848 laborantis
1405 1828 1425 1856 ,
1453 1786 1583 1842 dum
1590 1787 1801 1858 firrum
1815 1783 2047 1842 emolliat
2062 1782 2216 1861 ignis.

757 1879 939 1953 Non
974 1877 1115 1948 hoc
1152 1875 1375 1978 ipsum
1412 1876 1601 1974 quod
1634 1878 1969 1950 Horatius
2000 1880 2073 1949 in
2102 1875 2384 1949 Lucilio
2417 1899 2530 1949 re-

803 1972 1117 2047 rehendit
1147 1991 1220 2064 te
1246 1971 1498 2050 docere
1526 1972 1766 2046 debuit
1784 2026 1811 2066 ,
1859 1973 2079 2071 ipsum
2110 1972 2382 2047 auribus
2414 1975 2525 2046 in·

781 2071 997 2142 ervire
1031 2069 1331 2143 debuisse
1365 2072 1402 2141 ?
1447 2069 1637 2168 quod
1667 2070 1741 2143 &
1789 2071 1852 2142 ei
1902 2093 2104 2143 curae
2154 2068 2346 2141 fuisse
2369 2119 2394 2159 ,
2447 2094 2519 2141 e·

756 2166 1225 2241 mendationes
1256 2163 1449 2264 supra
1463 2167 1697 2241 allatae
1710 2165 1908 2239 facile
1940 2163 2531 2240 demonstrabunt.

761 2263 1084 2359 Qarum
1120 2262 1376 2337 nullam
1411 2263 1690 2362 quidem
1720 2263 1805 2336 ab
1840 2264 1983 2336 ullo
2018 2261 2197 2334 libro
2244 2264 2528 2359 accepi,

765 2385 1182 2459 quamquam
1214 2359 1451 2459 postea
1487 2386 1716 2433 earum
1747 2359 2101 2433 nonnullas
2150 2357 2530 2451 librorum,

762 2458 1011 2554 quibus
1064 2477 1144 2530 tu
1184 2457 1257 2527 in
1307 2455 1726 2553 praefatione
1771 2476 1842 2530 te
1891 2455 2084 2529 usum
2134 2454 2263 2527 ess‘e
2308 2454 2530 2544 dicis,

761 2552 1164 2630 testimonio*
1191 2551 1451 2625 firmari
1486 2552 1924 2649 deprehendi.
1975 2551 2372 2626 Verborum
2402 2575 2529 2624 au·
2646 2575 2658 2586 ·

762 2665 908 2719 tem
943 2645 1254 2718 ordinem
1288 2647 1364 2718 in
1391 2648 1711 2720 omnibus
1740 2647 1870 2721 illis
1889 2648 2056 2723 locis
2073 2650 2355 2746 optimis
2371 2646 2528 2720 sub-

764 2744 966 2817 nixus
1010 2738 1588 2815 observationibus
1634 2746 1922 2837 mutavi,
1952 2744 2038 2817 ad
2085 2769 2246 2842 quas
2290 2769 2534 2817 omnes

769 2840 1003 2911 animo
1034 2838 1237 2910 unice
1268 2857 1538 2911 attento
1589 2840 1962 2912 Horatium
1995 2840 2249 2939 saepius
2282 2893 2306 2932 ‚
2357 2840 2531 2913 Vir-

771 2934 1018 3036 gilium
1046 2934 1150 3006 bis
1180 2987 1207 3027 ,
1273 2934 1629 3009 Catullum
1662 2987 1688 3027 ‚
1758 2935 2125 3015 Tibullum
2158 2988 2183 3028 ‚
2233 2937 2530 3033 Proper-

774 3035 955 3107 tium
969 3085 996 3124 ‚
1045 3029 1383 3106 Ovidium
1403 3083 1429 3121 ‚
1479 3031 1554 3108 &
1604 3031 2058 3106 Claudianum
2105 3032 2306 3106 semel
2339 3032 2529 3104 evol-

772 3131 867 3201 vi.
935 3128 1102 3239 ‘Se-d
1135 3146 1216 3200 ut
1244 3126 1330 3200 ad
1362 3129 1550 3238 hune
1598 3127 1862 3239 versum
1911 3128 2223 3219 redeam,
2274 3129 2535 3241 Figura

776 3244 1150 3425 ξςςςς
1183 3222 1682 3398 ςςξαςας
1718 3224 2346 3394 ςςξαςςξςας
2380 3249 2537 3413 ,ας

779 3427 940 3482 ante
968 3411 1246 3518 quidem
1278 3438 1484 3507 quam
1602 3434 1792 3491 otam
1818 3436 2009 3493 tuam
2040 3417 2158 3491 hic
2206 3416 2541 3517 legiffem.

777 3505 897 3592 Sic
923 3529 1113 3585 emm
1146 3508 1694 3594 emendaveratn:
1836 3576 1841 3581 .
2067 3582 2073 3588 ,
2174 3580 2178 3584 .
2262 3580 2267 3583 ,

2412 3606 2547 3712 Ufi-
