2743 4378
767 402 905 479 140
1109 365 1978 448 ANIMADVERS.
2060 362 2200 438 IN
2314 391 2333 398 -

754 499 948 578 Illud·
969 521 1110 597 quo
1158 517 1246 567 ue
1281 490 1466 566 recte
1491 510 1820 585 monent,
1867 486 2134 568 versum
2152 540 2178 582 ‚
2208 486 2328 583 qui
2356 510 2528 560 cae-

748 599 894 672 sura
921 593 1078 695 post
1129 589 1477 664 ecundum
1512 590 1762 687 pedem
1793 586 2122 661 deficitur
2153 631 2182 680 5
2225 584 2357 658 effe
2388 582 2524 658 du·

750 694 1077 770 riffimum
1095 737 1123 783 5
1171 685 1389 786 qualis
1424 685 1524 758 est
1552 685 1667 760 ille
1697 684 2035 758 Lucretii.

939 813 1013 864 Et
1026 804 1150 880 jam
1182 813 1383 859 caetera
1411 793 1652 854 mortales
1678 814 1810 874 quae
1827 792 2018 869 ficadet
2048 792 2213 851 adire.

756 917 927 992 Hoc
972 930 1203 985 autem
1243 959 1269 1001 ‚
1333 902 1527 1003 quod
1584 901 1905 975 caesuram
1952 898 2111 996 post
2150 898 2521 973 secundum
2622 975 2623 978 ,

754 1011 1005 1113 pedem
1038 1006 1177 1080 fine
1209 1001 1413 1101 culpa
1441 1024 1587 1073 non
1617 999 1859 1072 omitti*
1878 996 2221 1088 scribunt,
2238 1021 2382 1069 non
2410 994 2520 1069 us-

759 1128 1165 1207 quequaque
1196 1122 1437 1176 verum
1473 1096 1598 1170 est.
1697 1094 2033 1170 Defectus
2069 1095 2256 1166 enim
2294 1091 2520 1169 caesu1·

762 1229 878 1279 rae
907 1204 996 1277 ad
1029 1227 1176 1275 rem
1209 1198 1328 1273 sub
1376 1191 1716 1292 aspefflm
1754 1192 2118 1265 oculorum
2163 1188 2523 1285 subjiciem-

763 1302 925 1375 dam
959 1301 1214 1373 mirum
1244 1297 1316 1368 in
1349 1290 1637 1364 modum
1671 1312 2161 1386 nonnunquam
2188 1288 2411 1380 valet,
2444 1303 2523 1359 ut

766 1401 843 1472 in
871 1397 993 1471 illo
1023 1392 1311 1494 Virgilii
1341 1389 1611 1487 Georg.
1647 1387 1746 1461 II.
1777 1412 1844 1460 v.
1877 1396 1960 1459 61
1980 1441 1995 1457 .

801 1529 804 1534 ’
956 1500 1150 1573 Scilicet
1174 1499 1409 1563 omnibus
1439 1497 1506 1573 est
1532 1495 1675 1555 tabor
1695 1495 2057 1574 impendendus
2071 1537 2092 1566 ,
2128 1510 2194 1557 <9¹
2217 1514 2395 1552 omnes

769 1617 922 1692 Ubi
954 1616 1175 1688 Poeta
1221 1634 1364 1684 non
1384 1667 1406 1701 ,
1456 1623 1538 1678 ut
1585 1623 1822 1676 omnes
1863 1601 2004 1675 fere
2049 1620 2297 1696 putant
2330 1654 2361 1696 ‚
2413 1613 2528 1676 va.

771 1712 1026 1788 rietatis
1077 1706 1269 1781 causa
1314 1702 1649 1776 caesuram
1703 1696 2014 1796 neglexit
2049 1748 2077 1787 ,
2122 1695 2233 1769 sed
2262 1720 2343 1773 ut
2376 1696 2531 1797 ipfis

771 1807 1068 1886 numeris
1115 1825 1352 1902 graves
1401 1794 1886 1897 Agricolarum
1953 1793 2219 1867 labores
2264 1819 2300 1867 r
2391 1817 2531 1867 rae-

773 1906 1084 1981 sentaret.
1180 1900 1329 1972 Hic
1362 1899 1549 1968 enim
1585 1889 1897 1985 ,caesurae
1943 1890 2246 1964 defectus
2277 1916 2316 1964 e
2397 1892 2530 1982 cit',

770 2020 856 2077 ut
885 1995 1108 2075 versus
1143 1993 1329 2096 quafi
1358 1991 1617 2067 titubet
1633 2041 1659 2083 ‚
1709 1987 1785 2062 &
1817 2014 1980 2062 cum
2011 1988 2343 2087 Agricola
2368 1988 2530 2061 stre-

685 2103 692 2114 ’
775 2123 913 2173 nue
945 2094 1296 2169 laborante
1330 2089 1470 2193 ipse
1505 2090 1603 2162 ita
1632 2085 1898 2160 laboret
1913 2137 1940 2179 ‚
1955 2103 2036 2158 ut
2051 2104 2212 2180 apte
2221 2081 2532 2157 incedere

757 2222 924 2271 non
946 2194 1189 2271 valeam
1238 2192 1503 2289 Neque
1531 2186 1926 2262 varietatem
1955 2180 2284 2280 quaefivit
2311 2182 2392 2258 in
2419 2179 2532 2256 illo
2625 2263 2629 2267 ‚

783 2296 961 2368 Aen.
992 2289 1439 2386 111.v.-697.
1559 2287 1562 2290 ’
2544 2301 2559 2309 -

972 2400 1357 2480 Juffivnumina
1389 2412 1583 2473 magna
1608 2394 1701 2455 loci
1724 2396 2035 2456 veneramur
2049 2416 2069 2451 .·
2099 2405 2164 2455 <9¹
2197 2383 2317 2450 inde

786 2515 987 2591 Nam
1021 2564 1046 2604 ,
1096 2531 1177 2582 ut
1207 2513 1280 2582 in
1314 2503 1712 2606 quibusdam
1761 2502 1950 2575 lib'ris
2009 2500 2119 2575 sed
2164 2525 2307 2573 non
2357 2485 2535 2598 op'ti-

786 2633 939 2685 mae
990 2624 1193 2679 notae
1242 2604 1501 2701 legitur
1530 2652 1557 2692 ‚
1627 2595 1952 2696 potuiffet
2015 2596 2190 2672 salva
2236 2595 2499 2668 caesum
2515 2648 2537 2681 ,
2583 2674 2601 2688 ,

787 2729 988 2805 quam
1043 2717 1300 2775 vocant
1348 2695 1892 2771 Pentemimerin
1926 2747 1956 2788 ‚
2007 2693 2216 2769 verba
2263 2691 2364 2766 fic
2410 2680 2537 2781 diff

842 2824 1046 2875 OHCI'C

781 2829 837 2904 P
980 2907 1223 2972 Numina
1256 2923 1452 2982 magna
1473 2898 1696 2980 locijuffl
1712 2919 2026 2973 veneramur
2039 2926 2059 2960 .-
2167 2955 2175 2962 .

794 3022 900 3098 At
923 3021 1095 3095 haec
1137 3016 1511 3091 verborum
1553 3010 1926 3085 collocatio
1965 3008 2539 3107 Interpolatorem

793 3120 1084 3191 omnino
1115 3115 1422 3200 redolet3
1471 3109 1681 3183 altera
1705 3130 1850 3180 non
1875 3107 2086 3179 item:
2130 3104 2323 3203 quod
2350 3126 2543 3203 argu·

781 3210 1181 3322 *mento-est
1232 3213 1351 3284 hic
1399 3205 1783 3319 Virgilium
1830 3228 1918 3276 ex
1947 3200 2272 3301 industria
2299 3202 2541 3310 Pente-

796 3281 2544 3475 m²egasseele³¹¹sfisniffi⁰sesssbs1anafieng:

798 3425 957 3574 ffiis
987 3492 1214 3572 cursus
1242 3497 1331 3573 ad
1345 3458 1362 3475 ο
1380 3425 2297 3597 τὲἰςὶοΐιῐίὶωυιηοίίἰοὶυω
2314 3417 2551 3583 exqpr’i-
2698 3456 2706 3530 .'

930 3631 935 3637 ·
1511 3642 1516 3647 -
2369 3601 2561 3668 men7
