2743 4378
712 403 854 507 138
1068 392 1942 471 ANIMADVERS.
1995 387 2134 463 IN

706 533 892 608 alteri
923 527 1195 602 leffioni
1231 526 1439 594 multa
1469 541 1609 610 cunt
1635 516 1820 589 laude
1852 511 2293 612 praetuleris?
2324 510 2479 588 Sed

702 633 819 705 hic
841 632 972 699 'tali
1002 648 1098 697 me
1131 618 1312 692 reete
1345 618 1419 689 in
1445 631 1858 688 contextum
1889 609 2257 706 recepisti,
2288 635 2495 709 quo-.

702 726 885 799 niam
919 723 1034 794 hic
1067 715 1439 791 verborum
1469 710 1645 785 ordo
1693 705 1964 781 auribus
2137 707 2297 778 tior-
2323 706 2481 798 est,

704 843 915 918 eaque
959 816 1179 915 gratia
1225 808 1530 884 caesurae
1573 805 1883 879 suavitati
1951 802 2037 873 de
2089 821 2243 875 etur
2291 834 2319 889 3
2393 803 2480 875 δε

705 936 1071 1017 propterea
1096 908 1306 982 leffio
1336 910 1543 978 multa
1577 926 1717 976 cum
1745 901 1930 974 laude
1957 898 2152 970 alteri
2185 917 2520 997 propter-

709 1013 994 1089 eandern
1028 1004 1331 1080 caesurae
1362 999 1785 1074 venustatem
1831 994 2310 1092 anteponenda
2336 994 2461 1065 est.

804 1109 1082 1204 Qlasto
1130 1126 1293 1174 cum
1339 1097 1535 1195 supra
1577 1096 1791 1168 allatis
1857 1110 2175 1191 pugnant
2204 1143 2235 1185 ‚
2299 1114 2484 1189 quae

709 1204 917 1283 habes
945 1202 1028 1275 ad
1061 1203 1279 1274 Serm.
1313 1196 1412 1268 ΙΙ.
1448 1194 1583 1271 ΙΙΙ.
1614 1218 1683 1264 v,
1717 1214 1882 1264 211.
1978 1215 1979 1218 ’

901 1313 1053 1389 Ajax
1065 1306 1343 1367 immeritos
1355 1304 1485 1361 dum
1495 1301 1669 1359 occidit
1687 1342 1707 1370 ‚
1736 1296 1913 1377 desipit
1928 1338 1948 1368 ‚
1979 1316 2133 1374 agnos
2149 1319 2169 1358 t

717 1412 943 1486 Aliter
960 1460 987 1500 ‚
1039 1405 1262 1501 inquis
1277 1451 1304 1491 ‚
1355 1401 1556 1469 verba
1595 1398 1970 1467 ordinantur
1991 1450 2012 1483 ‚
2063 1396 2288 1464 cumin
2307 1394 2478 1462 Cru-

716 1509 969 1604 quianis
1004 1562 1022 1592 ,
1072 1519 1211 1571 tum
1243 1503 1313 1569 in
1344 1495 1565 1580 nostris
1594 1542 1621 1582 ‚
1675 1492 2150 1563 Zalichemiano
2180 1540 2208 1582 ,
2258 1490 2467 1585 Mag-

713 1602 1021 1683 dalenenfi
1039 1655 1060 1685 ‚
1115 1598 1199 1676 &³
1233 1596 1473 1686 Regiae
1512 1591 1875 1661 societatis.

906 1707 1057 1780 Ajax
1071 1697 1478 1790 cugimtneritos
1495 1693 1672 1752 occidit
1685 1736 1703 1764 ,
1717 1691 1892 1772 desipit
1904 1737 1924 1765 ‚
1955 1715 2108 1772 agnos
2125 1716 2143 1752 t

718 1772 924 1906 Quod
947 1804 1144 1872 altero
1182 1797 1536 1867 concinnius
1571 1792 1917 1890 cultiusquc
1948 1796 2125 1864 exire
2142 1842 2170 1884 ,
2218 1795 2333 1886 qui
2354 1814 2477 1863 au·

716 1924 815 1971 res
842 1899 1031 1968 habet
1044 1946 1071 1986 ‚
1087 1947 1092 1954 -
1108 1893 1314 1987 facile
1328 1892 1591 1982 sentiet.

718 2091 757 2164 I
815 1991 1191 2161 Po)1(‘tremo8
1203 2008 1437 2059 tecum
1472 2009 1734 2083 pugnas
1763 1985 1839 2057 in
1873 1980 2080 2057 Nota
2124 1981 2211 2055 ad
2258 1979 2484 2081 Epist.

766 2145 782 2161 .
822 2092 900 2166 X
988 2145 1001 2159 .
1034 2114 1104 2160 v.
1203 2142 1216 2155 .
2259 2096 2263 2102 ·

912 2195 975 2243 In
994 2182 1147 2242 breve
1162 2198 1211 2239 te
1223 2178 1321 2257 cogi
1333 2199 1451 2236 cum
1463 2177 1641 2256 plenus
1663 2174 1868 2250 languet
1882 2191 2093 2236 amator

737 2280 948 2355 Codex
962 2327 987 2365 ‚
1036 2276 1129 2348 ais
1153 2333 1175 2365 ‚
1224 2271 1605 2366 Bersmanni
1621 2320 1648 2360 ‚
1697 2293 1862 2340 cum
1908 2267 2190 2367 languet
2249 2262 2487 2363 plenus

726 2395 1033 2462 amator5
1084 2378 1248 2445 alter
1282 2393 1314 2440 e
1348 2370 1612 2463 Collegio
1632 2362 1972 2437 Trinitatis
1992 2413 2018 2455 ‚
2066 2361 2305 2460 plenus
2326 2385 2485 2433 cum

725 2476 1008 2572 languet
1037 2486 1300 2540 amator
1331 2496 1356 2549 3
1413 2464 1576 2558 quod
1604 2477 1679 2533 ut
1724 2463 2056 2534 rotundius
2092 2465 2171 2538 ὠ·
2199 2482 2480 2531 numero·

707 2578 850 2667 fius
880 2564 1343 2640 admittendum
1358 2575 1539 2651 puto.
1636 2558 1737 2629 At
1771 2558 1942 2629 haec
1970 2554 2175 2629 le8tio
2224 2579 2370 2627 non
2414 2579 2489 2625 a·

723 2666 886 2738 liam
919 2660 1013 2733 ob
1061 2655 1323 2730 causam
1375 2651 1798 2725 numerofior
1845 2652 1944 2726 est
1977 2705 2004 2744 ‚
2054 2675 2260 2750 quam
2304 2647 2485 2748 quod

724 2759 882 2861 post
912 2756 1195 2831 tertium
1230 2748 1476 2849 pedem
1522 2770 1827 2822 remanet
1857 2747 2151 2848 syllab23
2204 2747 2369 2818 hinc
2414 2772 2485 2818 e-

726 2860 903 2950 nim,
935 2855 1006 2926 id
1036 2850 1161 2940 est,
1192 2874 1233 2921 e
1280 2845 1545 2918 caesura
1579 2845 1752 2918 ordo
1799 2844 2168 2919 verborum
2207 2842 2486 2915 concin-

728 2959 884 3030 nior
917 2949 1228 3047 exurgit:
1283 2968 1507 3041 quam·
1523 2941 1614 3015 ob
1641 2966 1787 3015 rem
1819 2941 2028 3015 lefflo
2092 2944 2300 3012 multa
2352 2964 2485 3012 cum

731 3055 919 3126 laude
942 3103 967 3143 ,
1023 3071 1186 3119 cum
1219 3041 1504 3114 eandem
1532 3038 1747 3111 versui
1782 3037 2326 3112 concinnitatem
2373 3035 2485 3108 ad·

728 3148 903 3220 ferat
923 3206 945 3235 ,
996 3145 1164 3244 quin
1192 3163 1350 3212 vera
1386 3134 1469 3208 fit
1483 3188 1507 3228 ‚
1561 3134 1857 3210 dubitari
1891 3158 2036 3206 non
2067 3131 2319 3231 potest.
2401 3131 2486 3203 Il·

727 3241 850 3316 lud
883 3243 999 3313 hic
1030 3240 1321 3334 adjicere
1354 3258 1497 3306 non
1526 3255 1800 3326 verear,
1850 3253 1966 3304 me
1997 3253 2142 3303 non
2155 3227 2487 3319 dubitare,

729 3338 901 3435 quin
958 3337 1076 3407 has
1120 3332 1444 3406 lestiones
1488 3334 1616 3403 tali
1662 3354 1761 3401 me
1804 3353 1954 3401 voce
1997 3384 2021 3418 ‚
2088 3328 2313 3418 plenus
2363 3349 2491 3397 cum

726 3438 978 3528 languet
993 3480 1018 3520 ,
1070 3452 1307 3500 curam
1343 3427 1420 3501 δε
1447 3427 1900 3499 attentionem
1933 3447 2159 3498 meam
2190 3419 2490 3521 effugere

731 3554 874 3608 non
905 3522 1196 3627 potuiffe
1226 3541 1379 3605 tute
1412 3521 1552 3620 ipse
1571 3521 1877 3623 judices:
1928 3520 2073 3597 hoc
2104 3518 2290 3594 enim
2314 3517 2494 3629 judi·

2319 3637 2504 3688 cium
