2743 4378
342 397 805 475 HORAT.
854 393 1301 477 BENTL.
1352 392 1728 470 emxl..
1808 406 1945 490 133

171 536 371 593 mento
401 520 542 601 δὴ.
592 518 716 592 etfi
749 537 867 593 aut
900 544 1041 593 non
1057 536 1476 618 poneretur,
1527 543 1687 593 eum
1705 534 1940 607 tamen

169 637 509 689 remanere
540 618 889 714 integrum
927 618 999 688 δε
1041 617 1226 689 nulla
1263 614 1360 687 sui
1415 635 1607 713 parte
1655 614 1938 687 mutila-

167 711 362 785 tum?
414 714 654 812 Itaque
693 738 856 786 cum
889 713 1058 784 haec
1077 764 1102 805 ,
1152 738 1325 811 quae
1361 737 1403 783 a
1431 730 1506 784 te
1536 711 1733 785 allata
1777 708 1933 786 sunt

165 809 522 905 exempla,
574 812 647 881 in
678 834 807 900 e0,
858 810 930 880 in
970 833 1109 905 quo
1142 810 1308 880 huic
1349 807 1566 880 versui
1600 811 1932 883 Momento

161 901 403 976 fimilia
436 905 565 977 esse
615 902 982 995 deberent,
1003 904 1241 977 similia
1265 985 1268 990 ⁵
1290 928 1714 1001 nequaquam
1751 905 1881 978 fint
1896 941 1927 994 3

161 1022 463 1097 cumque
499 999 841 1073 durissima
871 999 1218 1073 vocalium
1256 1002 1330 1071 in
1367 999 1589 1096 verbis
1604 1002 1932 1074 Momento

153 1114 273 1167 aut
306 1093 739 1168 concursatio
773 1094 995 1168 versus
1030 1095 1298 1169 cursum
1319 1148 1345 1186 ‚
1397 1097 1516 1192 qui
1552 1097 1799 1170 citatus
1837 1097 1936 1169 es-

147 1190 215 1263 se
245 1190 458 1263 debet
493 1243 520 1282 ‚
569 1194 855 1264 retineat
885 1243 910 1282 ,
959 1217 1038 1263 ac
1084 1190 1300 1265 veluti
1353 1191 1649 1263 refrenet
1681 1243 1705 1282 ‚
1752 1193 1931 1264 hanc

146 1285 530 1358 lectionem
562 1286 755 1357 alteri
787 1285 1199 1360 inscitiffime
1233 1311 1272 1356 a
1304 1304 1379 1356 tc
1411 1285 1775 1383 praelatam
1805 1289 1935 1359 effe

146 1381 316 1480 plus
336 1407 539 1479 quam
606 1380 985 1480 erspicuum
1007 1382 1125 1454 cst.
1161 1380 1431 1453 Verum
1465 1406 1589 1453 cur
1617 1406 1694 1452 ea
1725 1381 1931 1457 lcffio
1976 1451 1981 1454 ,

145 1475 512 1575 probanda
568 1497 664 1572 lt,
715 1479 894 1550 hanc
928 1477 1145 1550 adfers
1176 1479 1536 1552 rationem.
1631 1481 1935 1554 Librarii

147 1590 372 1646 autem
388 1576 495 1647 hic
524 1598 687 1648 Aur
721 1575 1061 1671 omfirunt
1079 1628 1104 1667 ,
1155 1580 1309 1669 quia
1342 1576 1551 1647 demto
1584 1601 1649 1647 eo
1667 1627 1692 1666 ,
1710 1577 1930 1670 verstti

137 1669 334 1760 ficum
350 1689 621 1746 metrum
638 1672 975 1764 constabat.
996 1676 1208 1766 Atqui
1221 1673 1390 1746 illud
1413 1675 1927 1748 animadvertere

147 1768 491 1841 debuerunt
519 1820 545 1861 ,
594 1769 804 1841 horae
850 1787 1210 1842 momento
1260 1770 1401 1842 cita
1450 1794 1632 1842 mors
1680 1772 1947 1864 venit,

146 1868 276 1953 m’fi
322 1869 651 1957 particula
735 1867 944 1960 disjun
954 1870 1133 1938 &iva
1196 1865 1514 1956 instratur
1578 1870 1919 1963 omimficm

133 1963 330 2050 plane
363 1962 446 2042 ὅθ
480 1962 826 2057 infaustum
871 1965 1007 2054 effi.
1102 1961 1248 2032 Hic
1301 1986 1447 2033 non
1496 1962 1767 2060 possum
1818 1964 1916 2041 V.

148 2053 266 2129 Cl.
304 2081 448 2129 non
482 2077 680 2128 tuum
716 2057 1026 2129 admirari
1062 2057 1461 2152 ingenium3
1519 2057 1687 2130 illud
1703 2061 1917 2155 enim,

145 2151 384 2253 quod,
437 2150 489 2224 fi
531 2149 706 2225 abfit
737 2168 895 2245 aut,
943 2152 1117 2224 dicis
1151 2149 1280 2222 esse
1311 2151 1746 2246 ominosum,
1795 2167 1938 2228 ve-‘

143 2273 221 2320 re
239 2299 265 2340 ,
321 2247 546 2344 lepide
581 2248 657 2320 &
688 2267 887 2319 acute
917 2275 957 2320 a
987 2249 1250 2336 Poeta,
1299 2264 1418 2318 aut
1447 2272 1589 2319 non
1619 2248 1918 2347 adjectQ
2022 2250 2031 2258 ’

141 2343 419 2417 dictum
439 2341 577 2415 est:
633 2362 873 2414 contra
924 2368 1002 2414 ea
1051 2341 1390 2438 particula
1438 2341 1698 2441 adjecta
1746 2345 1922 2419 nihil

145 2439 238 2512 ab
274 2465 362 2513 eo
395 2437 659 2511 dictum
695 2438 965 2510 videtur
981 2490 1007 2530 ‚
1105 2436 1246 2508 uod
1278 2438 1499 2534 quivis
1530 2463 1673 2511 non
1715 2438 1920 2514 dixis-

144 2535 264 2609 set.
364 2534 500 2609 Sed
535 2536 609 2607 in
644 2558 786 2633 quo
815 2536 1015 2634 hujus
1053 2462 1421 2606 pententiae
1466 2535 1656 2634 lepos
1704 2534 1782 2610 &
1808 2561 1915 2610 ar-

146 2635 345 2729 gutia
376 2630 747 2704 consistant
776 2682 801 2723 ,
853 2628 1291 2729 aperiendum
1335 2630 1454 2703 est.
1550 2634 1915 2710 Mercator

146 2747 226 2801 ut
260 2728 581 2804 militiam
612 2726 733 2800 suo
766 2729 945 2801 vitae
974 2751 1225 2827 genere
1241 2729 1909 2828 potioremessepro·

149 2822 308 2919 bet,
362 2826 539 2899 hanc
572 2824 793 2898 adfert
825 2826 1203 2897 rationem:
1255 2824 1447 2896 horae
1475 2843 1780 2899 momento
1813 2834 1907 2900 ci-

152 2940 222 2993 ta
253 2947 438 3007 mors
455 2927 637 2994 venit
653 2957 679 3010 3
780 2946 905 2995 uae
935 2923 1107 2993 ratio
1142 2944 1286 2991 non
1318 2920 1534 2991 modo
1567 2945 1710 2993 non
1744 2934 1909 3018 pro-

148 3017 307 3092 bare
335 3017 652 3107 videtur,
702 3019 724 3088 i
854 3016 994 3089 uod
1011 3015 1202 3106 vult,
1251 3039 1491 3087 verum
1523 3015 1597 3086 id
1624 3015 1918 3097 demon-

148 3115 393 3205 strare,
446 3114 694 3185 militia
724 3138 817 3184 nu
866 3138 988 3184 um
1037 3113 1219 3183 vitae
1265 3133 1482 3210 genus
1529 3110 1660 3182 effe
1710 3111 1907 3185 odio·
2000 3184 2002 3188 ,

151 3210 281 3287 fius
302 3262 328 3301 ‚
377 3209 567 3306 quod
602 3210 787 3281 enim
818 3210 999 3299 vitae
1078 3231 1241 3278 enus
1296 3210 1555 3304 majore
1587 3231 1750 3282 cura
1793 3210 1906 3301 fu-

147 3303 485 3405 giendum
522 3305 620 3375 est
652 3329 855 3403 quam
911 3231 1080 3375 iungi
1115 3301 1301 3402 quod
1349 3324 1644 3379 mortem
1665 3356 1690 3394 ,
1740 3331 1912 3405 quae

149 3402 474 3474 omnium
523 3400 859 3473 malorum
891 3398 991 3472 est
1034 3400 1412 3473 maximum
1436 3452 1461 3491 ‚
1526 3402 1850 3475 accelerat
1873 3407 1909 3475 ‚2

151 3497 427 3577 Verum
461 3494 1134 3665 animadvertendutln
1187 3495 1326 3572 hoc
1367 3496 1605 3572 dixiffe
1652 3523 1912 3599 merca-

1163 3615 1197 3691 3
1562 3610 1565 3615 ⁴
1691 3612 1917 3665 torem
1977 3649 1982 3653 .
