2743 4378
391 397 847 479 HORAT.
890 396 1344 499 BENTL.
1398 398 1591 472 CM».
1630 401 1729 473 Π.
1925 426 1978 502 7

211 522 313 598 hoc
341 549 522 622 quem
531 523 698 620 jam‘
722 520 864 598 inde
893 549 935 594 a
952 525 1237 619 pueritia
1254 523 1383 597 dies
1412 525 1721 624 noiiefiue
1747 532 1971 626 verffi-

204 638 348 694 runt
362 674 388 714 ‚
437 646 732 719 quemque
760 625 939 692 intus
974 627 1053 701 ώ-
1084 624 1154 690 in
1186 635 1322 690 cute
1355 623 1434 716 se
1464 626 1699 716 noviſje}
1729 633 1977 719 opinati

186 719 342 812 fient
355 771 381 811 ‚
429 733 531 792 tot
548 720 686 804 jam
712 719 937 790 menda
972 719 1210 812 detegi,
1253 731 1350 787 tot
1380 718 1656 815 absurda
1668 720 1974 819 senficque

199 816 361 908 caffa
390 817 735 912 redargui,
787 821 963 912 quast
991 817 1339 886 convicium
1343 817 1407 914 fi
1409 818 1477 887 bi
1488 815 1746 909 fabium
1773 824 1977 891 inter-

187 915 631 1002 pretabuntur.
648 913 918 994 'Horum
933 935 1036 1007 ego
1049 927 1124 982 ut
1128 910 1517 1007 praejudicio
1534 912 1620 993 ἐφ’
1640 923 1858 999 άνῖυλκῃ·
1874 943 1974 990 oc-

199 1032 509 1082 currerem
527 1040 555 1098 3
581 1005 733 1102 fuse
752 1012 1052 1104 pleraque
1086 1005 1437 1099 &prolixe
1453 1027 1715 1102 praeter
1745 1037 1978 1086 morem

197 1113 400 1176 meum
431 1111 503 1177 in
535 1107 1042 1178 adnotationibus
1071 1106 1351 1180 deduxi:
1403 1120 1477 1177 ut
1506 1110 1618 1178 vel
1640 1111 1978 1206 indignan-

195 1215 288 1271 tes
317 1228 394 1274 ac
423 1207 801 1274 relue‘i'antes
832 1224 968 1272 cum
985 1207 1310 1273 rationum
1330 1203 1602 1293 pondere
1618 1219 1754 1274 tum
1772 1218 1979 1276 exem-

184 1301 444 1388 plorum
494 1320 747 1367 numero
809 1299 1126 1368 obruerem
1155 1345 1182 1385 ‚
1248 1300 1448 1391 inque
1478 1318 1683 1368 meam
1727 1299 1987 1372 'tandem

181 1391 581 1484 sententiam
609 1393 718 1461 vel
745 1392 981 1461 obtorto
1014 1408 1112 1461 eos
1141 1393 1290 1461 collo
1320 1391 1658 1467 traherem.

296 1488 364 1558 A
377 1545 392 1560 .
433 1487 517 1560 C.
573 1488 659 1559 N
660 1511 698 1558 e
732 1510 919 1559 veras
967 1483 1194 1557 laudes
1238 1483 1368 1559 tibi
1417 1485 1768 1561 detrahere
1814 1489 1988 1566 vel-le

193 1582 584 1676 existimer,
617 1606 776 1658 nam
793 1581 977 1655 falsas
1007 1582 1137 1655 tibi
1168 1581 1405 1683 affingi
1440 1608 1658 1683 neque
1688 1589 1709 1657 i
1765 1585 1828 1658 se
1862 1613 1990 1662 ve·

188 1677 311 1772 lis,
338 1704 419 1752 ea
448 1699 735 1779 propter
780 1706 950 1781 quae
983 1672 1351 1754 laudandus
1387 1679 1466 1754 fis
1485 1734 1512 1774 ,
1547 1613 1880 1782 fimufque
1910 1707 1998 1765 ea.

191 1774 266 1846 in
349 1776 550 1850 uibus
579 1799 652 1850 re
696 1776 1170 1850 ‘rehendendus
1203 1776 1283 1849 fi‘s
1322 1797 1441 1851 aut
1471 1779 1789 1878 profecto
1839 1786 1996 1862 non'

189 1869 299 1945 Iau
348 1873 596 1970 andus‘,
655 1873 750 1948 ub
780 1899 922 1946 uno
941 1872 1314 1971 conspe&u
1340 1874 1713 1974 subjiciam.
1824 1889 1828 1892 ’

213 1975 228 1986 ’
288 1971 348 2041 Ι.
401 1968 855 2065 Laudandus,
952 1971 1095 2044 uod
1147 1987 1357 2043 novas
1413 1971 1739 2046 lestiones
1775 1974 1849 2046 &
1880 1998 1991 2050 eas

218 2063 480 2139 'uidem
515 2067 836 2164 plurimas
866 1997 1135 2140 feiicite]
1529 2069 1611 2142 fi.
1663 2071 1764 2141 At
1799 2069 1848 2146 fi
1872 2084 2007 2143 eae

229 2185 344 2237 ere
379 2186 616 2238 omnes
647 2183 767 2237 aut
800 2161 885 2236 ab
918 2165 1060 2238 aliis
1090 2191 1135 2263 p
1529 2165 1665 2240 funt
1693 2184 1813 2238 aut
1838 2194 1992 2240 om-

195 2257 376 2330 nino
393 2255 549 2330 sunt
564 2258 1076 2369 improbandae,
1238 2297 1287 2331 u
1312 2289 1678 2360 unumque
1698 2315 1722 2353 ,
1740 2265 1994 2357 partim

194 2351 323 2424 hic
341 2404 369 2443 9
391 2355 648 2448 partim
679 2380 756 2421 m
782 2356 966 2421 notis
996 2352 1084 2424 ad
1110 2429 1115 2435 ⁸
1197 2357 1496 2421 oratium
1530 2381 1644 2423 me
1676 2354 1998 2423 ostendis-

191 2446 262 2520 se
281 2443 577 2519 confido
594 2499 620 2538 ‚
673 2446 898 2544 quivis
917 2464 985 2517 te
1001 2447 1075 2516 in
1091 2446 1222 2534 hae
1306 2465 1451 2517 arte
1477 2445 1999 2547 vituperandtun
2109 2469 2115 2485 ⁴

190 2545 433 2649 potius
513 2569 670 2634 uam
705 2541 1116 2617 laudandum
1146 2471 1661 2635 eflgjudfcabit.
1786 2618 1793 2621 ,
1871 2633 1875 2638 .
2001 2585 2004 2586 ⁷

282 2641 391 2717 11.
529 2639 674 2712 uod
705 2664 745 2712 e
782 2638 1063 2712 vetustis
1096 2634 1453 2732 codicibus
1491 2640 1735 2714 inuitas
1754 2634 1995 2739 &qui-

193 2736 358 2810 de'm
408 2756 712 2837 optimas
759 2735 1084 2809 leffiones
1119 2738 1210 2807 ‘in
1254 2737 1537 2809 Horatii
1582 2756 1998 2820 contextum

194 2835 465 2931 primus
531 2832 818 2905 intulisti
885 2830 1120 2930 easque
1172 2834 1521 2905 rationum
1568 2834 1872 2933 pondere
1924 2836 2014 2916 δεῇ

220 2938 226 2945 ’
361 2957 459 3003 no
527 2928 1013 3025 exemplorum
1074 2951 1361 3001 numero
1412 2933 1693 3030 egregie
1741 2928 2011 3012 confir-f

197 3052 310 3098 ma
368 3030 415 3099 i.
526 3027 626 3097 At
661 3024 712 3097 fi
750 3049 866 3097 eae
898 3042 1210 3097 veterum
1259 3025 1587 3099 codicum
1635 3025 2012 3118 leffiones,

198 3144 361 3218 quas
395 3124 471 3196 in
510 3140 927 3194 contextum
957 3119 1139 3196 reike
1172 3122 1485 3222 recepisti
1503 3173 1529 3213 ‚
1564 3120 1703 3196 fine
1732 3122 2005 3219 vitupe-

201 3220 475 3292 ratione
513 3242 660 3291 non
696 3220 837 3291 reci
891 3219 914 3289 i
950 3241 1093 3289 non
1123 3236 1548 3317 potuerunt,
1596 3243 1701 3290 eas
1730 3219 1805 3289 in
1836 3244 2008 3289 con-

197 3321 415 3388 textu
495 3314 730 3387 osuiffe
787 3243 972 3386 aliud
1020 3312 1232 3385 laudis
1283 3339 1489 3412 quam
1538 3312 2008 3411 transcriptio-

196 3412 304 3483 n'is
325 3463 351 3503 ‚
441 3437 465 3481 1
497 3427 733 3483 tamen·
759 3410 876 3482 illa
907 3410 1057 3483 laus<
1087 3409 1238 3501 est,
1282 3410 1530 3483 habere
1560 3435 1704 3483 non
1751 3409 2019 3505 potest5

196 3508 276 3587 δε
307 3509 386 3582 in
415 3506 528 3582 his
564 3506 879 3583 omnibus
911 3504 1220 3678 ilIudAad
1269 3526 1340 3581 te
1392 3509 1734 3607 pertinere
1782 3501 2015 3576 existi-

1205 3622 1256 3702 4
1876 3617 2021 3669 ma·
