2743 4378
347 357 809 446 HORAT.
856 368 1305 446 BENTL.
1356 373 1727 468 CAPJXI.
1832 385 1976 481 ‘129

171 498 438 585 ‘excfft
452 552 474 586 ‚
525 505 729 592 evastt
749 557 772 591 ‚
820 505 1048 593 erupit.
1141 502 1365 577 Nunc
1380 504 1598 601 locos,
1680 534 1804 582 uos
1834 510 1968 584 hu·

184 591 300 685 jus
335 591 597 691 figurae
645 596 898 668 auxilio
930 597 1192 670 restitui
1224 600 1577 696 arbitror,
1604 629 1643 676 a
1692 631 1970 705 ponam.

196 684 432 761 Carm.
465 688 627 762 Lib.
662 693 758 764 II.
802 716 861 763 1.
897 719 967 765 v.
1011 715 1118 791 33.
1449 753 1453 756 .

378 796 491 870 933
497 818 672 873 gurges
696 841 714 867 ,
747 815 846 856 aut
861 799 1221 879 quaestumina
1236 802 1464 879 lugubris

286 881 510 961 Sic‘in
565 891 882 963 omnibus
914 943 940 983 ‚
1014 894 1203 990 quod
1255 893 1459 969 sciam
1489 949 1516 988 ‚
1584 898 1845 1001 scriptis
1892 903 1969 980 &

183 982 457 1055 excufis
514 983 805 1083 legitur.-
880 987 1150 1060 Verum
1184 1015 1410 1083 ecquae
1450 991 1587 1090 legi
1638 999 1712 1071 &
1766 1001 1968 1097 hujus

182 1074 458 1173 figurae
497 1084 673 1152 ratio
712 1082 785 1155 &
800 1081 1142 1157 sollemnis
1160 1085 1653 1163 Conectoru'm
1683 1096 1964 1168 consue-

178 1174 365 1244 tudo
436 1177 754 1271 copulam
790 1227 816 1265 ‚
877 1178 998 1251 ubi
1040 1204 1191 1251 eam
1241 1179 1537 1257 deficere
1569 1188 1968 1284 censebant,

172 1267 663 1365 adjicientium
693 1329 715 1363 ,
764 1276 1053 1346 omnino
1091 1274 1389 1348 suadent.
1430 1343 1435 1347 .
1901 1353 1931 1360 p

287 1366 556 1457 Ecquae
587 1385 816 1440 autem
849 1393 992 1441 non
1035 1368 1256 1443 solum
1309 1396 1472 1444 cmn
1522 1375 1602 1448 iis
1650 1401 1824 1476 quae
1868 1382 1965 1456 se—

175 1478 542 1553 quuntur,
592 1466 867 1560 optime
895 1469 1227 1538 convenit
1274 1478 1300 1558 (
1338 1470 1571 1543 omnia
1615 1476 1800 1549 enim
1835 1479 1964 1552 dis-

172 1554 405 1627 solute
437 1566 762 1647 currunt)
811 1560 920 1633 sed
956 1562 1030 1636 &
1082 1565 1511 1638 concitatum
1553 1569 1814 1647 Po'e’tae
1857 1576 1957 1649 af-

176 1649 443 1725 fenum
478 1656 811 1753 aptiffime
843 1657 1289 1755 repraesentat
1304 1694 1333 1749 3
1388 1661 1463 1736 &
1497 1670 1785 1742 omnino
1818 1670 1956 1773 legi
2072 1727 2075 1730 -
2179 1693 2193 1731 x

173 1745 388 1844 digna
419 1748 571 1825 sunt
593 1805 618 1845 ,
712 1780 837 1827 uae
871 1755 1238 1855 Longinus
1270 1758 1356 1830 de
1390 1764 1795 1859 copularum
1830 1774 1951 1844 ad-

172 1842 443 1918 ditione
473 1849 648 1947 Cap.
761 1852 876 1924 XI
913 1850 1079 1925 scite
1116 1853 1192 1928 &
1223 1856 1567 1954 eleganter
1595 1861 1851 1941 scribit.
1957 1894 1964 1901 ·

294 1942 475 2017 Item
520 1945 686 2020 Lib.
721 1948 858 2019 ΙΙΙ.
893 1948 1027 2021 IV.
1061 1974 1131 2021 v.
1173 1974 1234 2023 1.
1581 2005 1585 2008 -
1622 2023 1627 2026 .
1872 2021 1912 2034 ,.

364 2054 619 2129 Descende
631 2057 797 2123 caelo,
837 2077 908 2121 o·
933 2057 1262 2132 dicagetibia
1470 2127 1473 2130 Δ
1696 2113 1707 2118 ⁷.

171 2140 299 2213 ubi
335 2145 418 2225 ὅς’
454 2145 663 2237 deleri
695 2150 955 2244 Poetae
984 2147 1267 2247 affectus
1283 2205 1309 2246 ,
1367 2157 1486 2255 qui
1503 2158 1602 2233 est
1617 2160 1949 2241 instantis-

167 2237 384 2310 fimus
418 2291 444 2332 ,
494 2242 616 2314 effl
707 2245 834 2316 itat
848 2278 875 2331 3
926 2245 1132 2340 idque
1162 2273 1203 2318 a
1253 2253 1524 2326 vetusto
1550 2254 1947 2335 'codice‘ab-

166 2332 579 2431 ess'qpostea
618 2268 1064 2437 ffiprehendi.
1118 2342 1297 2415 Eod.
1334 2346 1505 2445 Lib.
1521 2350 1656 2458 VL
1687 2378 1893 2432 v.22.

363 2451 604 2506 Matura
619 2451 764 2526 virgo
779 2491 797 2519 ,
838 2465 904 2513 (9·
906 2447 1129 2526 fingitur
1141 2453 1344 2537 artibus
1353 2474 1379 2512 -ε
1450 2468 1457 2477 f

170 2553 294 2627 ubi
315 2608 341 2649 ,
357 2556 485 2633 nifi
518 2562 769 2660 copula
800 2561 888 2643 ξεῖ
920 2564 1202 2639 tollatur
1228 2622 1252 2659 ‚
1301 2544 1751 2672 reprehensio⁴
1774 2540 1945 2660 acu}

164 2651 281 2724 leo
326 2659 605 2733 carebit.
664 2659 842 2734 End.
875 2661 1040 2736 Lib.
1076 2663 1374 2745 VHLv.
1410 2695 1525 2768 14.
1608 2732 1616 2739 .
1813 2674 1817 2678 ’
1904 2674 1942 2713 ‘-

357 2769 557 2847 sospitis
571 2786 813 2839 centnm‘,
843 2772 1095 2849 &vigiles
1111 2771 1343 2857 lucernas
1374 2849 1378 2852 ⁴
1426 2826 1432 2830 .
1476 2806 1481 2813 ·

160 2888 282 2961 hic
357 2909 636 2982 quoque
699 2882 984 2959 delenda
1040 2887 1141 2962 est
1217 2893 1466 2991 copula
1519 2955 1544 2988 ,
1606 2899 1920 2990 diffoluta

163 2987 351 3058 enim
388 2983 612 3054 oratio
644 2981 730 3054 ad
761 2979 1085 3057 laetitiam
1118 2991 1636 3084 exprimendam
1659 3000 1761 3074 est
1813 3031 1936 3105 ap..

169 3080 438 3154 tiflima.
537 3077 730 3161 Eod.
753 3080 1052 3165 carmine
1081 3107 1212 3154 vV.
1249 3106 1361 3183 27.
1400 3088 1525 3165 28.

355 3197 512 3247 Dona
523 3186 1111 3268 praesentirrapelaetus
1126 3191 1281 3253 horae
1297 3237 1317 3265 ,

658 3316 661 3321 ·
907 3284 1117 3363 *linque
1112 3287 1327 3358 severa,
1874 3376 1877 3383 Ἴ

163 3371 293 3447 ubi
340 3389 420 3444 tu
467 3370 561 3445 fic
612 3371 839 3463 scribis
872 3402 892 3448 ε
961 3377 1047 3453 In
1099 3382 1384 3456 omnibus
1435 3389 1589 3460 meis
1630 3392 1936 3470 codicibits

148 3470 295 3569 post
321 3470 537 3548 horae
564 3470 732 3581 abest
753 3473 1234 3653 conjunflio¹Et
1263 3483 1379 3557 vel
1407 3481 1512 3591 Ac
1546 3517 1574 3574 3
1624 3491 1855 3595 iraque·
1880 3488 1938 3592 [a.

1742 3603 1926 3674 Pru*
