2743 4378
285 443 367 518 H
383 439 743 516 ORAT.
793 425 1440 522 BENT-LJCA'P.
1471 434 1700 518 X'III.
1788 436 1952 529 7245

171 587 319 637 non
353 570 589 664 putavi
627 594 644 639 :
698 571 947 666 partim
998 557 1206 666 quod'
1234 567 1560 666 repetitio
1605 557 1952 663 praeposi-

170 662 375 735 tionis
411 665 921 765 indagationem
956 665 1181 738 multo
1206 665 1706 762 expeditiorem
1739 658 1949 734 habe-

165 777 271 830 ret
357 786 513 834 uam
565 761 820 834 habent
871 764 985 837 illa
1038 767 1331 858 quatuor
1377 760 1582 834 verba
1615 793 1639 846 3
1698 758 1945 858 partim

163 784 354 949 quod
390 859 566 931 illius
597 859 920 956 repetitio
956 856 1042 930 ab
1078 857 1220 929 aliis
1252 855 1704 951 animadversa
1740 857 1940 930 effet:

162 949 497 1036 Vavass‘or
550 954 943 1035 Observatt.
1012 954 1099 1026 de
1153 953 1226 1028 V
1229 955 1272 1023 i·
1301 954 1375 1026 ὅτ,
1400 948 1570 1034 -Usu
1615 958 1943 1048 quo'rum-

155 1046 317 1119 dam
352 1049 758 1142 ve-rborum,
813 1052 887 1135 in
920 1075 1097 1123 voce
1115 1053 1340 1141 Inter,
1395 1049 1589 1120 Inter
1626 1051 1699 1121 &
1743 1051 1941 1121 inter.

145 1145 292 1216 'Sed
323 1149 496 1218 nihil
523 1153 593 1218 in
606 1150 878 1241 speciem
910 1152 1112 1242 magis
1140 1144 1691 1240 supervacaneum
1733 1171 1824 1217 ac»
1839 1151 1938 1217 in·-

155 1244 324 1316 utile
363 1300 387 1334 ,
467 1268 656 1335 quam
708 1245 887 1315 inter
950 1249 1439 1340 congeminatum
1470 1273 1498 1327 3
1571 1241 1736 1335 quod
1777 1241 1952 1333 apud

157 1339 525 1409 Horatium
578 1345 793 1412 tamen
818 1390 845 1432 ,
896 1341 1049 1413 Lib.
1105 1341 1168 1411 I.
1225 1338 1431 1433 Epist&
1476 1340 1570 1414 ad
1616 1340 1942 1427 Lollium3

153 1432 459 1515 habetur.
635 1473 640 1478 ·

359 1545 364 1554 ·
828 1528 1010 1603 Nestor
1040 1544 1320 1607 componere
1350 1529 1478 1588 lites.

351 1629 508 1678 Inter
533 1620 741 1680 Peliden
762 1662 779 1692 ,
800 1624 1017 1698 fistinat
1048 1640 1120 1691 ew
1153 1626 1288 1683 inter
1313 1625 1566 1685 Atriden.

161 1725 385 1820 Atque
415 1727 520 1797 hic
551 1752 713 1799 unus
734 1727 938 1816 solum
971 1731 1137 1803 mihi
1149 1736 1364 1825 primo
1394 1732 1746 1802 videbatur
1772 1727 1942 1804 ἶσαι-ὲ

156 1835 262 1892 tus
280 1847 307 1892 .·
356 1823 543 1917 usque
577 1850 642 1895 eo
672 1826 833 1896 mihi
870 1851 1103 1900 novum
1158 1831 1327 1901 illud
1360 1830 1707 1900 accidebat.
1808 1830 1943 1902 Sed

153 1920 503 2011 inquirenti
542 1923 896 1996 obtulerunt
911 1924 987 2016 β
1008 1982 1031 2015 ,
1086 1931 1163 2002 &⁵
1181 1940 1578 1998 occurrerunt
1612 1930 1731 1998 loci
1761 1928 1940 2018 apud

159 2012 444 2086 Tullium
480 2017 598 2095 duo
619 2073 641 2105 ‚
690 2042 836 2109 quos
884 2022 1153 2113 legeram
1200 2026 1427 2091 millies
1477 2045 1583 2092 nec
1635 2024 1931 2098 animad—

152 2125 508 2188 verteram.
559 2114 620 2180 I.
670 2111 743 2181 de
812 2114 967 2191 Fin.
1006 2111 1260 2197 XXX.
1376 2115 1695 2193 Intereffe
1747 2119 1932 2191 enim

149 2206 341 2281 inter
374 2209 900 2307 argumentum,
951 2207 1601 2304 conclusionemque
1631 2210 1930 2303 rationis:

148 2302 229 2375 δε
280 2305 466 2374 inter
514 2301 940 2380 mediocrem
992 2303 1680 2386 animadversionem:
1731 2325 1936 2402 atque

148 2398 726 2471 admonitionem.
822 2400 937 2471 De
970 2403 1124 2472 Fat.
1173 2400 1389 2472 XIX.
1473 2399 1612 2475 Sed
1637 2401 1936 2476 interest

150 2497 339 2577 inter
370 2493 593 2570 causas
627 2494 922 2569 fortuito
956 2517 1116 2570 ante
1170 2497 1400 2589 reffas3
1454 2497 1529 2571 &
1561 2498 1741 2581 inter
1767 2523 1926 2572 cau·

143 2590 280 2667 sas·
321 2592 726 2665 cohibentes
793 2594 866 2666 in
926 2593 992 2665 se
1026 2519 1478 2667 'efffcientiam
1531 2595 1925 2680 naturalem.

152 2694 373 2785 Atque
407 2691 562 2761 haec
590 2695 845 2762 minime
893 2693 1230 2784 necffiria
1276 2697 1564 2785 repetitio
1602 2714 1764 2786 prae
1804 2703 1920 2788 ost·

149 2790 340 2863 tionis
371 2787 641 2882 ejufidem
673 2790 848 2881 apud
874 2789 1146 2868 Latinos
1162 2821 1188 2875 3
1223 2789 1351 2883 sed
1375 2791 1691 2861 Hebraeis
1755 2798 1924 2862 ami-

150 2884 338 2962 liaris
366 2908 445 2959 ac
463 2904 656 2976 prope
675 2890 981 2978 perpetua
1009 2886 1114 2978 est.
1377 2902 1379 2905 ’
1505 2944 1509 2949 .

242 2979 562 3071 Deinde,‘
593 2979 684 3050 ais
702 3032 728 3075 ‚
780 2981 995 3053 Aliud
1035 3004 1186 3052 vero
1215 2981 1508 3078 ficggerit
1539 2982 1922 3072 Marcilius,

151 3098 232 3144 ex
263 3079 467 3147 Cicer.
505 3078 841 3150 Paradox.
867 3080 939 3159 ἴΙ,
976 3077 1093 3156 Sic
1131 3096 1202 3147 te
1234 3076 1373 3174 ipse
1408 3078 1683 3176 abjicies
1713 3088 1918 3176 atque

154 3171 532 3266 prosternes
570 3222 596 3262 ,
645 3190 726 3265 ut
774 3173 947 3246 nihil
996 3197 1247 3246 ῙΝΤΕΡ.
1298 3193 1370 3245 te
1432 3192 1621 3267 atque
1668 3182 1916 3253 INTER'
2014 3242 2017 3243 γ

151 3269 610 3360 quadrupedem
653 3274 937 3364 aliquam
980 3286 1163 3360 putes
1206 3273 1487 3364 intereffi’
1520 3272 1557 3341 ἓ
1603 3272 1919 3367 Equidem

153 3361 350 3456 nescio
367 3413 391 3448 ‚
414 3371 517 3434 'ex
550 3389 674 3458 qua
702 3371 907 3440 cloaca
921 3366 1236 3461 foetorem
1288 3368 1454 3439 hunc
1495 3373 1873 3442 excitaverit
1888 3405 1916 3460 5

153 3482 297 3530 cum
330 3459 415 3540 &²
447 3461 743 3533 editiones
771 3488 927 3556 quas
956 3466 1231 3537 viderim
1261 3489 1465 3537 omnes
1495 3497 1520 3556 ,·
1570 3466 1654 3546 ἐξ
1688 3469 1917 3539 codices

131 3555 440 3633 Graevio
470 3561 596 3654 vist
626 3563 751 3633 rite
802 3561 1148 3749 habeangi
1187 3563 1366 3635 inter
1411 3576 1476 3636 te
1522 3579 1716 3657 atque
1761 3588 1920 3655 qua-

1076 3740 1082 3746 .
1166 3677 1203 3754 3
1575 3660 1929 3751 drupedem.
