2743 4378
700 363 844 447 208
1047 359 1953 442 ANIMADVERS„
1999 359 2145 454 IN*

698 492 878 566 Item
915 484 1141 587 Epist.
1176 481 1344 557 Lib.
1379 481 1481 556 ΙΙ.
1517 483 1578 557 Ι.
1613 505 1686 556 v.
1722 478 1846 580 85.

878 594 1107 655 Inberbi
1137 589 1355 650 didicere
1374 632 1393 661 ‚
1422 587 1568 667 senes
1588 585 1850 668 perdenda
1863 588 2060 663 fateri.

690 683 842 763 Ubi
874 705 957 759 tu
999 689 1094 759 ais
1126 739 1153 777 ‚
1206 688 1322 758 Ita
1371 687 1701 782 Cruquius
1745 712 1826 758 ex
1883 685 2319 780 vetustiffi'mis
2364 688 2511 783 sicis

694 787 1005 860 codicibus
1033 792 1199 857 reite
1228 782 1432 855 edidit
1463 834 1490 876 ,
1540 800 1617 855 ut
1652 790 1731 863 &
1765 786 1932 857 Art.
1985 786 2178 857 Poit.
2209 810 2281 859 v.
2321 796 2416 862 16
2434 813 2465 862 ι
2486 842 2504 864 .

695 908 776 954 ex
805 886 1039 976 optimo
1086 885 1364 956 omnium
1404 897 1710 979 quotquot
1738 881 1905 978 sunt
1932 883 2289 957 Blandinio
2318 906 2511 982 repo-

697 983 973 1054 nendum
1003 980 1128 1074 estz

881 1089 1203 1150 Imauus
1223 1084 1438 1166 juvenis
1472 1088 1688 1146 tandem
1717 1085 1910 1161 custode
1936 1098 2152 1148 remoto}

706 1186 843 1257 Ubi
872 1186 1081 1257 hebeti
1112 1205 1268 1255 aure
1299 1180 1387 1274 est
1427 1238 1451 1274 ,
1513 1205 1695 1277 quem
1749 1185 2092 1279 vulgatum
2120 1185 2304 1273 'illud
2347 1181 2503 1261 Im&

707 1280 939 1356 berbis
958 1280 1232 1381 juvenis
1247 1279 1557 1372 fibilante
1576 1277 1701 1373 suo
1733 1278 2213 1355 homoeoteleuto
2241 1308 2368 1356 non
2401 1284 2512 1381 of·-

696 1379 921 1476 findit
955 1380 1042 1461 {9⁷
1078 1381 1404 1450 vulnerat.
2354 1453 2361 1457 ,

810 1478 926 1550 Ex
957 1476 1207 1573 quibus
1240 1472 1444 1545 facile
1480 1471 1893 1573 intelligitur
1913 1489 2033 1566 ‚te
2045 1495 2291 1549 vocem
2310 1481 2509 1571 prim

714 1593 977 1647 temere
1005 1574 1083 1646 &
1113 1569 1507 1644 inconsulto
1559 1572 1634 1644 in
1668 1588 2087 1645 contextum
2132 1574 2460 1671 recepisse
2481 1602 2505 1649 :

714 1671 903 1767 quod
930 1688 1163 1744 autem
1197 1666 1389 1739 addis
1420 1718 1446 1759 ‚
1485 1683 1563 1739 ut
1593 1667 1716 1739 diu
1748 1674 1820 1740 in
1850 1668 2039 1766 prius
2065 1686 2510 1768 mutaremur,

712 1773 792 1846 ά·
829 1790 1058 1837 vocum
1081 1766 1450 1856 similitudo
1481 1815 1507 1856 ‚
1544 1764 1938 1859 praesertim
1968 1768 2076 1838 ubi
2107 1768 2298 1865 prius
2324 1795 2503 1842 oom-

700 1860 986 1959 pendiost’
999 1862 1323 1958 scribitur
1336 1911 1363 1953 ‚
1418 1859 1505 1946 &
1551 1861 1690 1956 ipstz
1704 1862 2032 1956 fintentia
2074 1882 2459 1962 monuerunt
2471 1918 2508 1960 ,

711 1960 1001 2032 omnino
1049 1956 1590 2056 improbandum
1620 1959 1721 2032 est
1754 1987 1771 2033 :
1825 1961 2148 2060 quoniam
2177 1980 2508 2039 veterum

711 2056 1358 2131 Grammaticorum
1418 2056 1851 2158 temporibus
1895 2064 2086 2153 prius
2136 2058 2251 2133 via
2298 2084 2505 2135 com-

710 2153 1060 2257 pendiaria
1106 2179 1252 2228 non
1295 2152 1556 2228 solebat
1603 2154 1802 2228 scribi
1846 2181 1865 2229 t
1933 2155 2147 2258 idque
2188 2156 2506 2234 indicant

711 2255 981 2355 antiqui
1014 2252 1292 2328 codices
1322 2252 1611 2354 Virgilii
1644 2254 1719 2327 &
1753 2255 2077 2349 Horatii,
2126 2255 2204 2328 in
2245 2256 2503 2355 quibus

599 2350 604 2359 ’
702 2358 894 2450 prius
922 2351 1124 2452 plene
1153 2350 1278 2424 scri
1330 2370 1486 2424 tum
1522 2351 1812 2450 legitur:
1863 2372 2214 2450 praeterea
2241 2407 2273 2448 ‚
2318 2380 2501 2453 quo-

712 2454 899 2523 niam
934 2503 961 2541 ‚
1030 2450 1238 2549 etiam
1269 2476 1293 2520 1
1310 2453 1502 2542 prius
1547 2447 1900 2522 contracte
1962 2448 2168 2524 scribi
2214 2449 2499 2527 solitum

713 2547 942 2619 fuiss'et
971 2596 998 2634 ‚
1079 2569 1171 2617 ex
1234 2570 1321 2617 eo
1388 2564 1622 2618 tamen
1668 2544 2004 2620 scribendi
2053 2548 2269 2622 modo
2318 2548 2503 2623 nasci

719 2668 866 2716 non
894 2660 1169 2741 poterat
1201 2641 1537 2742 ejusmodi
1569 2640 1995 2740 firmitudo,
2044 2671 2220 2745 quae
2250 2646 2500 2721 Libra:-

712 2743 822 2816 rio
872 2743 983 2815 diu
1031 2764 1162 2839 pro
1196 2744 1384 2833 prius
1429 2738 1766 2814 scribendi
1817 2745 2083 2816 causam
2118 2743 2502 2844 praeberet.

706 2841 870 2936 Jam
901 2837 1090 2939 quod
1120 2838 1207 2911 ad
1232 2837 1633 2911 sententiam
1667 2841 1956 2932 attinet,
2006 2865 2086 2913 ea
2128 2842 2340 2914 etiarn
2370 2866 2501 2915 vo·-

718 2963 804 3010 ce
825 2944 1014 3033 prius
1061 2961 1207 3009 non
1251 2935 1481 3008 addita
1507 2989 1533 3028 ‚
1600 2937 1901 3034 perfecta
1948 2937 2049 3010 est
2081 2966 2105 3010 .·
2158 2939 2350 3036 quod
2399 2938 2501 3012 fic*

715 3053 952 3110 tamen
999 3035 1224 3133 accipi
1281 3033 1498 3106 nolim
1530 3086 1562 3127 ‚
1639 3034 1827 3128 quali
1862 3040 2052 3129 prius
2102 3036 2308 3136 hujus
2354 3035 2499 3108 loci

712 3131 1047 3206 sententia
1074 3132 1379 3231 rejiciat3
1432 3131 1700 3223 nam‚fi
1729 3133 1899 3204 haec
1937 3133 2331 3205 emendatio
2365 3133 2501 3207 ob·

715 3224 1094 3304 servatione
1134 3221 1469 3330 ejusmodi
1505 3229 1892 3311 firmaretur
1916 3282 1942 3323 ‚
1993 3255 2168 3327 quae
2199 3230 2313 3302 alii
2345 3233 2499 3304 cui·

714 3345 996 3420 cunque
1038 3329 1226 3399 viam:
1265 3324 1735 3424 praecluderet
1768 3379 1794 3419 ,
1874 3351 2023 3398 eam
2069 3326 2499 3425 probandam

716 3416 849 3488 esse
899 3420 1263 3496 censerem.
1362 3423 1626 3522 Neque
1678 3422 1851 3497 illud
1913 3425 2258 3520 impedire
2304 3425 2499 3497 dice-

714 3538 904 3613 rem,
954 3518 1145 3616 quod
1191 3520 1269 3593 in
1312 3519 1506 3595 versu
1537 3573 1567 3613 ,
1615 3522 1735 3620 qui
1781 3521 2101 3619 proxime
2144 3520 2499 3620 sequitur,

2265 3638 2487 3719 Pam*
