2743 4378
702 359 843 434 116
1056 343 1937 422 ANIMADVERS.
1990 343 2134 417 IN

688 483 903 570 culpae
932 470 1309 548 damnabis?
1362 498 1453 544 an
1498 472 1570 542 ob
1627 494 1888 568 magnas
1940 467 2291 564 multasque
2342 467 2483 560 ejus

688 581 968 647 virtutes
1038 573 1340 667 quidlibet
1389 573 1602 663 potius
1653 573 1722 638 in
1774 572 2059 662 quemvis
2129 570 2427 661 impinges
2445 616 2477 655 ‚

686 695 877 768 quam
907 684 980 739 ut
1013 684 1234 740 tantae
1271 669 1721 760 incogitantiae
1763 688 1903 736 rcus
1925 678 2320 759 peragaturf
2379 663 2491 731 E-

689 769 936 863 quidem
949 770 1048 856 fic
1076 769 1293 858 potius
1307 762 1672 854 scripfiſjem
1688 810 1712 848 ,

878 875 1208 946 Quamne?
1244 889 1374 926 num
1389 884 1628 935 tantum,
1650 865 1968 946 sufflansft,
1999 886 2192 943 magna
2195 865 2413 944 futffet?

879 962 1067 1037 Major
1082 978 1414 1019 nummo.
1450 977 1582 1016 num
1599 964 1864 1016 tantum?
1970 1007 1975 1010 .

577 1113 592 1126 =
695 1062 1076 1138 Terentius
1114 1057 1418 1156 Adelph.
1449 1057 1585 1128 111.
1618 1082 1690 1131 v.
1733 1077 1849 1158 30.

1413 1164 1638 1223 nimium
1654 1165 1896 1223 intervos
1915 1206 1935 1235 ‚
1968 1171 2200 1231 Demea,
2237 1180 2302 1220 ac

891 1265 1154 1345 Nonquia
1168 1261 1499 1343 adespraefims
1514 1262 1622 1319 dico
1638 1262 1727 1320 hoc
1751 1305 1769 1333 ,
1799 1263 2148 1339 pernimium
2177 1259 2398 1335 interest.
2456 1251 2464 1258 ’

704 1362 905 1431 Certe
942 1359 1054 1428 hoc
1088 1359 1463 1429 vocabulum
1497 1352 1582 1432 ὅς’
1606 1351 1963 1446 fienton'tiae
2009 1353 2314 1445 aptiffime
2344 1378 2502 1424 con-

687 1460 873 1552 gruit
907 1487 933 1540 3
1026 1453 1112 1532 δέ’
1141 1459 1209 1547 st
1260 1448 1742 1543 compendiosam
1771 1450 2166 1544 scripturam
2221 1450 2500 1545 pnim'io

694 1553 1134 1639 contemplaris
1151 1599 1175 1639 ,
1226 1549 1399 1618 hacta
1437 1550 1535 1617 ita
1569 1551 1841 1618 multum
1877 1548 2127 1618 abludit
2161 1570 2203 1616 a
2238 1562 2497 1639 recepta

702 1651 980 1719 tectione.
1030 1645 1237 1743 Qod
1268 1648 1324 1725 fi
1322 1642 1619 1735 ejusmodi
1646 1642 1773 1736 est,
1791 1658 1865 1713 ut
1883 1646 2164 1715 Horatio
2193 1665 2315 1713 non
2347 1660 2495 1714 tam

695 1744 884 1831 dari,
934 1763 1129 1834 quam
1160 1739 1343 1811 reddi
1380 1739 1464 1819 &³
1494 1737 1742 1832 restitui
1783 1740 2089 1812 videatur
2133 1797 2156 1831 ‚
2205 1742 2497 1833 equidem

700 1839 834 1932 ejus
864 1834 1054 1931 causa
1077 1836 1380 1931 gaudebo.

791 1933 992 2004 Haec
1064 1932 1140 2002 in
1187 1931 1436 2004 multas
1499 1933 1859 2004 incurrunt
1918 1929 2495 2030 reprehensione&

701 2031 899 2105 Nam
935 2028 1167 2126 primo
1225 2078 1251 2119 ‚
1303 2027 1471 2100 illud
1508 2054 1748 2127 peccas
1814 2030 2005 2128 quod
2034 2030 2173 2101 hoc
2201 2029 2494 2101 verbum

703 2128 1009 2204 Dimidio
1063 2149 1208 2197 non
1239 2122 1368 2198 ess‘e
1403 2127 1728 2219 Horatii,
1778 2151 1922 2199 non
1953 2123 2342 2198 adseverasti
2376 2126 2498 2198 fir-

706 2223 1017 2297 miffime.
1070 2223 1259 2295 Cum
1293 2225 1479 2295 enim
1514 2224 1650 2296 hoc
1685 2248 1901 2322 genus
1934 2222 2201 2295 fabrstae
2233 2223 2494 2295 anima-

703 2321 798 2394 lia
827 2320 1107 2393 rationis
1137 2321 1211 2392 &
1257 2317 1577 2393 sermonis
1628 2323 1937 2418 expertia
1981 2320 2172 2417 loqui
2227 2318 2493 2418 fingat,

704 2417 945 2489 decori
987 2417 1161 2486 ratio
1195 2417 1495 2510 postulat
1529 2468 1554 2508 ,
1607 2436 1688 2487 ut
1737 2421 1833 2489 ita
1881 2417 2232 2514 loquentia
2290 2415 2495 2488 indu-

709 2532 982 2600 cantur,
1014 2509 1179 2590 acfi
1214 2512 1479 2582 ratione
1530 2512 1740 2582 effent
1773 2513 2076 2610 praedita
2111 2564 2136 2604 ,
2187 2536 2393 2610 quare
2443 2512 2494 2586 fi

705 2632 1000 2706 puerum
1032 2606 1161 2676 hac
1207 2605 1294 2676 de
1340 2632 1414 2698 re
1460 2608 1964 2709 interrogatum
2015 2611 2350 2682 Horatius
2401 2607 2496 2681 fic

703 2701 1229 2803 respondentem
1262 2695 1523 2776 fecisset
1540 2705 1745 2798 major
1777 2709 2036 2779 dimidio
2053 2760 2079 2799 ‚
2138 2703 2500 2801 infigniter

711 2799 1128 2900 ineptivisset
1171 2858 1193 2887 ‚
1244 2824 1408 2872 cum
1456 2825 1627 2896 puer
1671 2803 1783 2874 vel
1828 2802 2273 2901 ineptiffimus
2321 2826 2496 2873 nun-

760 2917 1090 2978 uamtam
1125 2894 1309 2977 fatue
1342 2894 1762 2995 responderit
1793 2899 1904 2971 vel
1939 2896 2368 2996 responsurus
2400 2896 2503 2970 es·

708 2925 831 3067 at.
932 2994 1297 3084 Secundo,
1348 2996 1536 3090 quod
1583 3020 1834 3067 vocem
1879 2997 2143 3069 dimidio
2195 2994 2501 3068 Librarii

712 3092 977 3163 incuria
1041 3116 1169 3186 pro
1226 3096 1540 3183 pernimio
1590 3090 1923 3189 scriptum
1981 3093 2112 3166 esse
2156 3089 2501 3166 adfirmas.

710 3186 861 3256 Hic
892 3188 1077 3261 enim
1110 3212 1297 3258 error
1316 3246 1338 3277 ‚
1389 3188 1770 3262 dummodo
1802 3189 1940 3287 legi
1972 3189 2256 3262 deberet
2277 3194 2509 3285 perni-

707 3287 834 3354 mio
865 3333 895 3372 „
945 3305 1090 3352 non
1139 3283 1465 3356 Librario
1506 3285 1617 3359 sed
1673 3284 2166 3383 Interpolatori
2201 3335 2224 3372 ‚
2295 3304 2377 3358 ut
2426 3286 2503 3356 in

707 3377 931 3452 Notis
984 3374 1247 3448 ostendi
1267 3412 1324 3471 ¹5
1374 3383 1550 3453 vitio
1604 3382 1862 3455 dandus
1903 3383 2104 3454 effet.
2198 3382 2495 3470 Terti0‚

690 3476 878 3572 quod
916 3472 1093 3555 hanc
1114 3475 1668 3567 emendationem
1687 3529 1717 3572 2
1765 3478 1973 3580 verba
1997 3504 2165 3577 num
2194 3489 2502 3584 tantum-³

1364 3612 1391 3627 m
1943 3600 1959 3605 “
2232 3646 2239 3649 ¹
2336 3597 2500 3675 qm-
