2743 4378
292 424 752 504 HORAT.
801 420 1694 507 BENTLCARXIX.
1810 456 1960 535 375-

191 556 353 616 ante
412 560 484 615 te
535 543 960 617 citaverunt.
1078 541 1265 615 Vide
1324 541 1522 639 supra
1585 567 1746 644 pag.
1811 546 1936 642 48.

193 634 460 713 Deinde
488 636 753 713 causam
782 638 1012 714 mendi
1042 638 1258 712 adfers
1290 640 1395 712 his
1429 640 1650 714 verbis
1663 672 1693 728 3
1746 645 1940 716 Faci-

183 735 264 809 lis
309 750 527 806 autem
573 737 1021 809 Librariorum
1077 735 1285 830 lapfies
1338 760 1384 807 a
1427 735 1804 811 cohibente
1852 745 1949 812 ad

184 829 535 904 cohibere.
625 831 700 903 O
730 829 1217 929 sagadffimum
1267 831 1608 908 causarum
1688 860 1941 909 eccan-

176 922 266 995 di·
281 926 875 1024 investigatorem!
929 925 1224 1000 Librarii
1253 952 1399 1011 non
1424 928 1589 1027 lapfi
1648 952 1772 1004 unt
1789 933 1933 1006 hoc

175 1019 345 1092 loco
377 1045 467 1095 ex
510 1025 770 1098 incuria
799 1056 829 1110 3
878 1049 1118 1097 verum
1169 1023 1382 1097 secuti
1427 1023 1583 1098 sunt
1628 1028 1932 1135 imperiti
1981 1098 1983 1101 ,

124 1195 129 1201 ,
177 1112 641 1209 ‚Grammatici
673 1120 1176 1199 correffionem
1212 1179 1236 1212 ,
1284 1120 1405 1218 qui
1432 1172 1460 1213 ‚
1509 1122 1699 1219 quod
1731 1147 1935 1222 igno-

173 1211 368 1288 rabat
399 1216 808 1316 potestatem
841 1216 1034 1292 verbi
1062 1223 1287 1291 veniat
1302 1270 1330 1310 ,
1382 1217 1454 1289 id
1488 1217 1629 1310 est,
1672 1238 1938 1312 propere

170 1317 398 1385 veniat
428 1362 454 1406 ,
527 1314 940 1395 existimavit
1000 1316 1440 1415 participium
1486 1316 1813 1404 {cohibente
1862 1318 1937 1391 in

168 1408 454 1482 cohibere
491 1410 899 1491 mutandum
947 1412 1105 1487 effe.
1195 1414 1552 1484 Praeterea
1594 1430 1746 1484 tute
1797 1413 1944 1509 ipse

172 1501 259 1577 ad
291 1505 523 1604 Epod.
559 1508 736 1588 XV.
773 1534 843 1583 v.
885 1530 994 1604 15.
1046 1510 1468 1606 Corrigendus
1497 1509 1621 1605 est,
1671 1511 1940 1606 inquiS,

169 1601 341 1675 Iocus
368 1605 823 1693 Librariorum
852 1607 1126 1679 audacia
1162 1605 1245 1686 δέ
1282 1610 1645 1702 ignorantia
1675 1628 1937 1698 corrup·-

169 1708 320 1788 tus‚
364 1705 480 1794 qui
516 1707 831 1775 lectionem
860 1713 1105 1781 veram
1156 1699 1404 1775 offensi
1449 1704 1583 1776 ideo
1627 1706 1942 1774 immuta-

167 1809 369 1888 runt,
418 1810 496 1869 ut
522 1824 661 1872 cum
683 1798 947 1879 formae
955 1798 1370 1893 fhbstantivo
1388 1798 1515 1890 fito
1547 1805 1935 1877 conveniret.

167 1888 294 1982 Id,
343 1895 509 1984 quod
538 1896 879 1983 fixcenties
923 1901 1004 1971 iis
1044 1900 1208 1968 male
1267 1895 1482 1986 ceffiffl
1511 1894 1769 1987 stiunt,
1821 1900 1936 1989 qui

166 1987 596 2058 Membranas
626 2002 870 2057 veteres
901 1990 1193 2060 manibus
1223 1987 1589 2073 versurum.
1641 1989 1938 2063 Mallem

171 2077 340 2155 loco
366 2078 558 2154 verbi
590 2082 1046 2158 Librariorum
1073 2078 1200 2175 scri
1254 2078 1431 2151 fiffes
1460 2081 1934 2155 Grammatico-

166 2197 319 2249 rum
330 2228 360 2270 ,
408 2179 941 2272 Interpolatorum
955 2229 982 2271 ‚
1033 2177 1145 2251 vel
1221 2183 1636 2263 orrebiorum5
1689 2175 1940 2253 Libra-

168 2272 433 2348 riorum
467 2276 654 2348 enim
699 2293 916 2353 errata
959 2301 1002 2353 a
1050 2272 1548 2349 Correekorum
1576 2274 1808 2348 erratis
1841 2274 1940 2347 se-

222 2371 466 2448 amuda
511 2369 665 2446 sunt
700 2397 717 2449 τ
770 2395 992 2470 neque
1040 2395 1205 2445 vero
1247 2369 1497 2442 dubito
1526 2421 1553 2462 ‚
1601 2371 1770 2468 quin
1805 2370 1940 2442 Li-

223 2470 379 2541 rarii
413 2467 768 2560 nonnulli,
819 2467 1009 2566 quod
1053 2466 1377 2542 sermonis
1428 2466 1667 2539 Lat-ini
1710 2464 1775 2538 se
1803 2469 1938 2562 im·-

173 2566 431 2658 peritos
464 2586 607 2644 non
635 2564 767 2638 effe
793 2565 1310 2656 existimabant,
1356 2563 1574 2638 multa
1589 2563 1765 2638 male
1779 2590 1937 2638 mu·

174 2663 514 2755 taverint,
566 2685 806 2735 verum
841 2661 988 2737 fine>
1012 2661 1228 2739 dubio
1248 2713 1273 2753 ‚
1292 2685 1371 2734 ea
1401 2686 1548 2735 non
1575 2677 1657 2734 ut
1685 2660 1938 2736 Libra·

173 2755 255 2831 rii
272 2810 297 2850 ‚
347 2758 460 2841 ssed
489 2779 571 2831 ut
596 2759 1096 2850 Grammatici‚
1128 2776 1209 2831 ut
1238 2756 1683 2832 CorreEAEores
1714 2778 1939 2842 muta-

173 2873 448 2931 verunt..
555 2854 793 2949 Quare
843 2852 896 2925 fi
939 2853 1202 2949 offensae
1264 2880 1409 2928 non
1457 2852 1938 2936 Librariorum

175 2945 359 3045 lapsu
394 2951 512 3022 hic
543 2953 874 3049 scriptum
904 2948 1081 3035 fuit3
1132 2947 1243 3021 sed
1294 2950 1506 3045 offensi
1553 2951 1627 3023 in
1672 2947 1941 3043 offensae

174 3043 605 3121 corrediens
664 3046 944 3128 audacia
1003 3046 1077 3119 &
1142 3047 1529 3142 ignorantia
1589 3064 1940 3129 mutatum

176 3137 307 3224 fuit
324 3197 352 3238 ‚
394 3161 476 3216 ut
497 3167 661 3217 cum
692 3144 948 3238 formae
981 3145 1382 3218 conveniret
1412 3192 1441 3231 ,
1485 3140 1942 3216 dubitandum

151 3259 321 3335 ,non
351 3239 452 3313 est
484 3291 511 3333 ‚
562 3241 729 3339 quin
779 3240 920 3330 illic
970 3240 1252 3314 cohibere
1281 3264 1428 3310 non
1459 3237 1941 3315 Librariorum·

182 3336 604 3435 negligentia
633 3335 960 3435 scriptum
995 3335 1205 3410 fuerit
1221 3386 1246 3427 ‚
1297 3333 1408 3406 sed
1438 3335 1783 3422 cohibente,
1831 3336 1945 3409 vel

176 3430 453 3512 cohibete
519 3434 1046 3541 Interpolatoris.
1096 3429 1379 3611 audsscia
1422 3429 1499 3508 δε
1563 3430 1823 3511 inscitia
1845 3433 1945 3596 hin

1209 3615 1216 3620 ,
1277 3555 1347 3607 2a
1394 3549 1466 3629 4.
1778 3553 1842 3604 co
1891 3552 1946 3594 ι·
1991 3555 2002 3566 ·
