2743 4378
383 395 1335 493 HoRAT.BENTL.
1370 396 1737 475 CAP.IX.
1869 421 1964 503 93

205 519 373 592 nihil
404 520 656 593 valent.
741 517 1054 603 Primum
1083 514 1185 592 est
1233 540 1273 588 e
1316 516 1684 614 Propertio
1716 517 1853 592 III.
1887 505 1956 592 8‘.
1987 505 1993 513 ⁶

205 619 363 689 Cum
373 616 738 710 furibunda
772 639 937 687 mero
967 613 1241 708 menstcm
1271 619 1561 706 percellis
1586 614 1727 688 &e
1782 616 1952 714 quid

198 736 574 786 commune
587 712 795 788 habet
815 710 931 796 illa
944 736 1089 784 vox
1106 710 1469 805 furibunda
1499 735 1658 783 cum
1695 713 1956 813 ingenii

190 810 505 904 puellaris
532 806 843 908 pictura?
896 807 1289 881 Secundum
1317 808 1716 906 exemplum
1728 812 1832 886 est
1865 833 1955 884 ex

197 905 415 981 Ovid.
467 908 767 981 Oenone
795 904 1046 978 Paridi.
1708 977 1711 978 γ

384 1039 450 1097 Id
477 1059 673 1119 quoque
701 1040 945 1099 luft'ando
969 1067 988 1109 ·,
1023 1039 1137 1116 rupi
1166 1054 1343 1098 tamen
1366 1053 1540 1115 ungue
1566 1039 1795 1119 capnion

486 1140 696 1209 Oraque
712 1131 844 1207 fiant
871 1131 1043 1206 digitis
1069 1131 1246 1208 aspera
1266 1133 1421 1204 fidia
1455 1131 1599 1190 mois.

187 1235 348 1309 Etfi
399 1238 702 1311 Oenone
746 1239 823 1311 &
867 1236 1031 1309 aliae
1075 1235 1441 1326 nonnullae
1490 1233 1788 1331 virgines
1834 1232 1903 1305 id
1928 1286 1954 1326 ‚

185 1332 388 1428 quod
420 1332 719 1407 Ovidius
745 1333 844 1403 ibi
895 1331 984 1403 de
1031 1357 1110 1404 ea
1145 1332 1317 1405 dicit
1353 1383 1380 1422 ‚
1429 1329 1692 1402 faciunt
1723 1380 1750 1421 ,
1817 1354 1962 1401 non

186 1427 464 1500 idcirco
515 1446 747 1500 tamen
793 1427 1162 1501 dicendum
1200 1427 1299 1499 est
1342 1426 1721 1499 Horatium
1762 1425 1960 1524 inge-

182 1525 387 1598 nium
419 1523 718 1621 puellare
766 1523 942 1597 male
976 1523 1392 1621 depinxiss‘e3
1448 1541 1608 1594 narn
1655 1520 1838 1594 idem
1887 1523 1962 1593 in

185 1622 365 1694 Arte
404 1623 695 1696 Poe'tica
721 1621 956 1694 senum
988 1647 1212 1694 mores
1245 1621 1528 1721 egregie
1560 1617 1955 1717 descripfit,

233 1743 600 1819 uamquam
632 1719 835 1793 multi
866 1717 1047 1791 senes
1078 1719 1157 1790 iis
1189 1714 1688 1808 incommodis,
1709 1715 1959 1814 quibus

183 1815 209 1888 i
264 1817 287 1885 i
337 1840 452 1888 eos
501 1815 987 1927 circumveniri
1022 1817 1244 1890 Poe'ta
1294 1814 1572 1905 scribit,
1623 1838 1769 1887 non
1816 1814 1953 1885 cir·

186 1934 742 1998 cumvemantur,

642 2051 1316 2233 CAPUT’
1385 2119 1503 2202 x,

391 2322 685 2453 Septem
714 2335 855 2425 loci
888 2370 978 2427 ex
1018 2345 1342 2427 Horatio
1380 2342 1765 2427 emendati.
1878 2320 1881 2327 ⁴

757 2567 811 2625 C
828 2565 881 2624 A
901 2566 952 2623 R
970 2566 1061 2625 M.
1112 2566 1167 2624 L
1186 2566 1213 2625 1
1231 2564 1293 2624 B.
1348 2564 1400 2624 Ι.

377 2704 519 2766 XII.
550 2721 612 2763 v.
644 2715 735 2780 31.
768 2711 842 2762 Et
869 2702 1058 2762 minax
1083 2666 1189 2781 (sir
1221 2699 1295 2760 D}
1325 2700 1566 2781 volum>
1599 2716 1754 2782 ponto

191 2847 345 2923 Ubi
390 2866 472 2920 tu
510 2906 534 2939 ‚
588 2868 1005 2944 quamquam
1057 2844 1191 2915 Dii
1237 2866 1326 2914 ex
1376 2842 1569 2914 Inter
1620 2844 1963 2918 retatione

196 2945 497 3016 Acronis
515 2995 541 3036 ,
559 2941 632 3014 &
667 2941 928 3015 codicis
966 2936 1379 3038 Reginenfis
1409 2938 1531 3037 glo
1587 2943 1758 3028 a.,in
1790 2964 1963 3011 con-

193 3057 478 3111 textum
527 3036 852 3135 irrepsisse
901 3033 1431 3109 animadvertisti
1477 3085 1504 3126 ‚
1571 3036 1688 3107 Di
1719 3053 1971 3110 xamen

189 3138 278 3207 rin
320 3159 483 3206 eum
528 3134 833 3206 intulisti.
937 3131 1213 3205 Deinde
1259 3136 1422 3203 latet
1461 3188 1486 3223 ‚
1535 3129 1760 3227 inquis
1788 3182 1815 3223 ‚
1862 3132 1968 3204 hic

180 3230 470 3329 fortaſjb
499 3235 677 3304 ulcus
697 3257 721 3303 .·
742 3229 816 3304 &
834 3229 976 3304 hoc
995 3229 1275 3340 quidem
1292 3252 1381 3300 ex
1397 3227 1580 3299 varia
1611 3227 1812 3325 hujus
1826 3226 1968 3303 loci

197 3324 505 3401 lectione
555 3326 755 3400 facile
792 3324 1151 3426 colligitur
1187 3377 1214 3418 ,
1281 3349 1444 3398 nam
1477 3343 1745 3422 praeter
1790 3326 1969 3400 hanc

197 3429 336 3593 §stc
353 3423 530 3510 Dii)
553 3441 848 3533 quatuor
879 3421 1173 3500 diversae
1202 3421 1531 3497 leffiones
1566 3422 1641 3497 in
1672 3424 1974 3519 antiquis

231 3517 395 3596 ibris
429 3538 900 3623 reperiuntur.
1864 3609 1874 3615 ‚

653 3656 660 3657 ἡ
1203 3615 1266 3691 F
1312 3636 1362 3711 7
1882 3608 1984 3679 Et
