2743 4378
789 340 931 440 178
1151 335 2028 448 ANIMADVERS.
2077 337 2222 411 IN

761 471 1062 548 Tacitus
1098 468 1342 570 Agric.
1380 493 1446 542 c.
1483 469 1543 541 Ι.
1593 469 1859 540 Vitium
1894 471 2134 560 parvis
2183 469 2553 564 magnispue

765 570 1151 641 civitatibus
1190 591 1509 639 comune
1530 621 1555 654 ,
1602 566 1628 636 i
1684 565 2070 636 notantiam
2101 561 2270 636 reeti
2306 564 2391 645 δέ
2434 591 2549 637 tn·

769 665 1042 738 videam
1138 664 1495 736 Omitam
1530 660 1908 733 incitiam!
1961 685 2121 732 nam
2154 659 2205 732 fi
2236 661 2544 733 velcen-

595 824 605 839 ,
743 776 919 850 [turn
950 759 1230 832 codices
1257 765 1408 831 veri
1447 756 1820 849 haberent,
1870 757 1945 831 &
1977 781 2152 829 unus
2200 754 2378 829 solim
2407 759 2541 830 ha-

659 889 663 894 ·
738 854 1251 947 beram,
1299 853 1469 954 quid
1494 854 1699 946 dice,
1748 879 1905 924 unus
1952 856 2117 939 solus
2151 894 2177 940 ‚
2222 853 2443 926 immo
2476 853 2533 927 fi

759 969 853 1025 ne
879 971 1060 1026 unus
1081 952 1362 1051 quidem
1378 976 1592 1024 rerum
1628 949 1907 1023 haberet
1926 1000 1953 1041 ‚
2004 950 2294 1040 omnino
2331 974 2400 1021 re
2452 976 2538 1021 o-

763 1049 1076 1123 nendum
1093 1050 1256 1122 effet
1286 1073 1521 1121 rerum.
1544 1046 1925 1140 Qoniam,
1956 1058 2123 1118 cum
2140 1041 2361 1119 Poe'ta
2417 1071 2539 1119 uas

765 1144 1339 1237 adfamcausas,
1388 1143 2235 1243 quarumunaautgaltera‚
2262 1142 2534 1215 adami-

767 1245 1010 1316 citiam
1040 1242 1261 1316 duiim
1286 1245 1619 1339 juvenum
1670 1239 2177 1313 rescindendam
2232 1238 2488 1334 valeret
2508 1298 2536 1329 ‚

763 1338 1032 1413 scilicet
1060 1392 1087 1433 ‚
1123 1340 1361 1434 fervor
1391 1336 1769 1435 sanguinis,
1815 1336 1925 1409 vel
1968 1335 2291 1435 juvenilis
2341 1338 2534 1429 insci-

768 1441 869 1510 tia
892 1487 918 1529 ‚
970 1459 1212 1535 parum
1243 1435 1420 1508 bene
1453 1434 1724 1506 dixisset
1764 1433 2018 1528 inscitia
2054 1436 2238 1525 veri,
2288 1452 2530 1505 contra

768 1535 1028 1624 iiffcitia
1073 1558 1286 1605 rernm
1340 1589 1362 1622 ‚
1435 1531 1507 1602 id
1562 1529 1662 1601 est
1706 1555 1919 1602 rerum
1964 1530 2391 1601 humanarum
2458 1531 2533 1603 &

765 1633 1106 1701 communis
1150 1633 1332 1700 vitae
1377 1626 1667 1720 inscitia,
1697 1624 1967 1699 dixiss‘et
1999 1628 2296 1723 optime:
2337 1626 2526 1723 quod

749 1721 851 1794 ·&
879 1722 1065 1795 rasta
1096 1722 1432 1795 scribendi
1463 1725 1729 1795 ratione
1748 1775 1775 1816 ,
1828 1723 1903 1796 &
1933 1722 2295 1794 illustrium
2331 1725 2525 1794 Auc-

771 1833 1006 1891 torum
1034 1817 1157 1891 usu
1184 1816 1699 1915 comprobatur.
1747 1822 1905 1917 Jam
1937 1818 2021 1891 ad
2049 1844 2111 1893 v.
2142 1840 2265 1916 43.
2297 1818 2394 1892 L.
2432 1819 2532 1892 ΙΙ.

742 1915 989 1989 Semi.
1030 1915 1166 1988 III.
1199 1917 1451 2008 veni0,

956 2031 1133 2103 Quem
1160 2026 1307 2085 mala
1330 2025 1561 2101 stultitia
1585 2071 1603 2099 ,
1637 2042 1704 2092 o·
1739 2028 2011 2106 cujusque
2042 2026 2243 2103 inscitia
2268 2028 2398 2088 veri

778 2117 938 2198 Ubi
980 2125 1056 2197 in
1087 2120 1375 2197 tranfitu
1417 2122 1884 2200 animadverto
1935 2124 2222 2222 cujusque
2252 2175 2279 2218 ‚
2326 2143 2409 2198 ut
2454 2126 2529 2201 in

773 2221 997 2295 Notis
1029 2220 1491 2295 demonstravi
1508 2255 1534 2308 ς
1587 2247 1730 2295 non
1760 2247 2170 2318 quaecumque
2214 2275 2241 2316 ‚
2307 2247 2522 2317 quem-

770 2339 1009 2415 cunque
1038 2318 1178 2431 legi
1209 2337 1551 2416 oportere.
1600 2320 1834 2418 Atque
1865 2319 1981 2390 hic
2014 2318 2293 2418 quidem
2307 2321 2525 2393 Poe'ta

774 2414 962 2488 reete
1005 2414 1174 2489 fac1t
1206 2416 1703 2512 Damasippum
1754 2416 2072 2490 Stoicum
2103 2415 2353 2510 inscitia
2384 2422 2527 2507 veri

753 2511 1165 2583 dicentem:
1217 2535 1377 2585 nam
1414 2513 1490 2585 &
1524 2515 1781 2585 Seneca
1811 2513 1887 2585 &
1915 2512 2027 2584 alii
2057 2511 2360 2585 scribunt
2379 2570 2405 2604 ,
2434 2537 2523 2587 ex

775 2629 1006 2677 errore
1049 2630 1131 2678 ac
1163 2605 1340 2678 falfis
1375 2608 1812 2704 opinionibus
1846 2608 1934 2682 de
1984 2608 2182 2682 bonis
2217 2608 2294 2682 δε
2338 2609 2530 2682 malis

747 2700 1107 2795 nascitur,
1154 2721 1235 2774 ut
1263 2704 1486 2775 Stoici
1569 2724 1809 2798 utant,
1860 2705 2182 2798 stulti625
2205 2704 2367 2778 &in
2383 2706 2523 2778 hoe

773 2798 935 2872 loco
948 2823 1159 2897 aeque
1175 2799 1489 2895 ineptum
1507 2731 1968 2898 iloressinscitia
1983 2827 2196 2876 rerum
2210 2798 2524 2894 scribere,

776 2916 983 2996 atque
1019 2898 1093 2969 in
1121 2894 1243 2967 illo
1275 2896 1438 2969 effet
1464 2899 1718 2992 institia
1761 2905 1927 2971 veri.
2024 2897 2246 2994 Qod
2293 2917 2525 2972 autem

774 2993 862 3068 ad
893 2992 1223 3094 peccandi
1253 2992 1515 3067 causam
1547 2997 1792 3069 attinet
1811 3052 1835 3087 ‚
1884 3020 2037 3068 eam
2052 3021 2196 3069 non
2210 3014 2353 3068 tam
2368 2995 2523 3068 lon-

767 3115 863 3190 ge
897 3091 1297 3165 arcess‘erem
1312 3141 1339 3182 ‚
1388 3111 1593 3190 atque
1624 3110 1696 3164 te
1728 3090 1957 3165 fecisse
1999 3090 2416 3190 deprehendi
2445 3093 2525 3164 in

773 3185 967 3259 causa
986 3187 1293 3261 mutandi
1322 3210 1607 3283 campum
1633 3188 1950 3286 iustamque
1977 3189 2521 3285 trigonem.Serm.

776 3278 838 3349 Ι.
869 3289 939 3351 6.
976 3309 1043 3356 v.
1084 3293 1244 3357 126.
1292 3283 1368 3356 in
1429 3288 1660 3382 rabiosi
1705 3303 1984 3380 tempora
2042 3291 2204 3383 figni
2229 3337 2257 3379 ‚
2335 3282 2523 3358 adfe-

772 3373 1017 3487 tenda:
1051 3379 1137 3450 ad
1164 3404 1373 3476 quem
1388 3381 1651 3458 versum
1683 3382 1778 3456 fic
1807 3382 2106 3457 adnotaS.
2158 3384 2342 3456 Unde
2369 3405 2525 3453 vere

758 3486 1035 3567 petitum
1047 3512 1076 3568 5
1123 3490 1267 3550 tam
1279 3479 1622 3571 pulchrum
1650 3495 2060 3557 commentum
2102 3482 2285 3556 nobis
2297 3481 2523 3572 propi-

794 3595 800 3599 *
2311 3589 2487 3648 nant
2504 3586 2534 3652 3
