2743 4378
269 394 750 481 nona-T..
791 377 1695 480 BENTLssfflxm.
1790 419 1944 502 223

157 543 322 623 pm·
364 521 679 598 consumi
745 545 888 604 non
931 512 1287 600 'convenit
1320 549 1340 595 ε
1416 521 1587 600 illud
1636 541 1758 601 tua
1800 549 1952 604 ina-'⁸

154 622 271 720 gis
300 618 520 694 refert
552 616 808 695 discere
840 619 1030 717 quod
1064 618 1153 694 de
1198 638 1352 693 tota
1399 620 1530 696 hac
1578 645 1653 697 re
1689 621 1947 702 Cicero

154 721 237 796 in
273 718 593 794 Oratore
626 740 692 793 c.
730 737 851 809 24.
886 715 1124 790 scribit
1158 771 1184 808 ‚
1235 719 1415 813 Ergo
1444 721 1583 789 erit-
1599 720 1709 794 ille
1744 724 1954 796 tenuis

155 816 425 888 Orator
440 862 468 902 ,
516 815 696 890 modo
708 818 808 904 stt
839 816 1083 909 elegans
1097 862 1122 904 ‚
1168 838 1276 885 nec
1325 818 1398 885 in
1428 813 1751 907 faciendis
1798 841 1952 889 ver-

159 912 264 983 bis
312 911 541 984 audax
588 910 675 990 ἐξ
722 914 794 981 in
840 907 1301 1002 transferendis
1367 912 1771 983 verecundus.
1851 914 1954 993 Et

160 1007 383 1102 paulo
416 1005 577 1105 post
597 1034 644 1099 ⁴,
694 1007 925 1101 Itaque
950 1006 1122 1080 illud
1140 1006 1501 1080 indecorum
1546 1012 1576 1098 (
1604 1011 1770 1101 quod
1791 1009 1954 1105 qua-‘-

159 1108 220 1177 le
234 1110 344 1198 fit
375 1129 455 1174 ex
484 1104 699 1175 decoro
730 1104 908 1178 debet
959 1104 1272 1198 intelligi)
1319 1103 1427 1174 hic
1472 1126 1708 1197 quoque
1755 1127 1957 1200 appa·

157 1217 268 1273 ret
285 1251 316 1292 ‚
363 1225 510 1278 cum
538 1201 807 1273 verbum
836 1200 1100 1298 aliquod
1124 1203 1324 1271 altius
1363 1196 1805 1293 transfertur,
1856 1205 1961 1273 id·-

160 1322 292 1398 que
325 1300 396 1368 in
429 1299 714 1369 oratione
741 1295 976 1372 humili
992 1300 1301 1390 ponitur,
1349 1296 1519 1390 quod
1546 1296 1712 1368 idem
1738 1302 1810 1370 in
1821 1301 1963 1370 alia

158 1394 415 1464 deceret
438 1423 466 1480 3
519 1391 662 1464 ὅτε.
712 1413 833 1476 29.
882 1393 953 1463 Is
979 1396 1145 1466 enim
1190 1392 1276 1485 est
1320 1395 1606 1486 eloquens
1645 1442 1672 1484 ‚
1717 1398 1829 1489 qui
1876 1394 1965 1475 ἔθ’

170 1489 463 1562 humilia
477 1487 856 1586 ficbtiliter,
906 1487 992 1569 &
1041 1512 1276 1584 magna
1310 1492 1618 1585 graviter
1643 1543 1666 1579 ,
1714 1491 1800 1572 ἑᾷ
1833 1515 1967 1563 me·

163 1586 421 1674 diocria
476 1600 823 1677 temperate
859 1586 1064 1682 potest
1093 1587 1296 1660 dicere
1324 1615 1353 1676 ς
1409 1583 1487 1660 &
1537 1608 1601 1657 e.
1653 1588 1774 1687 36.
1823 1587 1967 1660 hoc

163 1664 362 1756 i²dem
377 1781 382 1786 ο
397 1679 543 1754 fere
577 1681 852 1779 repetit.
904 1685 976 1760 Is
1011 1687 1141 1757 erit
1173 1707 1313 1780 ergo
1345 1685 1666 1778 eloquens,
1716 1688 1831 1779 qui
1876 1684 1974 1757 ad

164 1781 245 1853 id
279 1830 308 1871 ‚
379 1780 781 1882 quodcunque
845 1769 1084 1856 decebit
1113 1831 1140 1875 ,
1193 1782 1439 1879 poterit
1503 1783 1969 1856 accommodare

168 1880 524 1949 orationem
541 1930 567 1971 ,
619 1878 788 1972 quod
811 1902 950 1950 cum
963 1880 1275 1974 statuerit
1290 1929 1317 1971 ‚
1366 1894 1508 1950 tum
1529 1936 1554 1971 ‚
1586 1890 1662 1949 ut
1690 1880 1967 1974 quidque

167 1977 302 2045 erit
330 1976 661 2048 dicendum
678 2024 705 2063 ‚
753 1978 854 2045 ita
885 1977 1044 2047 dicet
1067 2000 1091 2044 .·
1142 1998 1250 2044 nec
1282 1973 1526 2066 satura
1539 1974 1764 2067 jejune
1781 2025 1808 2067 ‚
1857 1996 1969 2050 nec

159 2071 456 2168 grandia
489 2073 732 2139 minute
747 2117 774 2156 ‚
825 2092 931 2138 nec
957 2073 1112 2138 item
1143 2081 1363 2139 contra
1406 2124 1431 2158 ,
1462 2066 1592 2153 sed
1632 2075 1756 2142 erit
1785 2073 1972 2148 rebus

169 2171 329 2261 ipsts
347 2185 482 2259 par
511 2162 595 2244 δέ’
627 2166 915 2262 aequalis
946 2168 1175 2239 oratio.
1225 2160 1326 2234 Et
1356 2164 1847 2237 convenienter
1864 2165 1971 2240 his

152 2263 389 2359 foetus
419 2257 693 2333 divinus
740 2259 1002 2348 Pob'ta‚
1051 2284 1093 2332 a
1189 2283 1284 2330 uo
1341 2276 1424 2332 tu
1470 2258 1650 2330 hanc
1695 2262 1974 2335 transsa-

170 2360 456 2432 tionem
487 2354 855 2454 accepisti,
904 2352 1070 2429 scite
1102 2380 1148 2429 u
1175 2378 1253 2428 us
1301 2353 1401 2428 est
1422 2412 1447 2446 ,
1498 2353 1677 2429 Aen.
1710 2354 1877 2429 Lib.
1913 2358 1975 2432 I.

177 2479 255 2530 v·
302 2480 349 2552 5
365 2479 694 2608 {bimborum
719 2544 776 2605 in
788 2544 1062 2627 patriam,
1096 2545 1228 2608 loca
1260 2546 1422 2608 foeta
1454 2545 1772 2610 furentibus
1786 2545 1978 2609 austris

193 2643 277 2722 δε
308 2643 495 2716 Aen.
531 2637 628 2715 II.
659 2665 725 2714 v.
764 2660 936 2741 237.

606 2745 826 2825 scandit
840 2745 1035 2822 fatalis
1065 2747 1331 2807 machina
1344 2767 1521 2808 muros
1535 2789 1556 2820 ‚

374 2847 562 2906 Foeta
590 2844 777 2906 armis.

192 2939 302 3014 Et
334 2934 643 3011 fimiliter
677 2934 883 3012 Silius
915 2933 1082 3009 Lib.
1117 2935 1253 3008 XI.
1288 2959 1358 3006 v.
1392 2952 1564 3032 203.

389 3045 573 3106 Multa
609 3047 767 3106 foeta
794 3066 973 3121 gerens
1004 3048 1090 3105 ira
1110 3042 1407 3121 praecordia
1431 3081 1451 3110 ,
1492 3052 1679 3101 Poenus

184 3139 261 3215 δί
296 3137 464 3211 Lib.
504 3136 722 3208 XIII.
753 3161 822 3211 v.
861 3159 1032 3240 592.

383 3256 504 3303 Non
537 3243 645 3323 ipsa
672 3244 874 3313 „Alana
893 3284 912 3313 ,
948 3264 1038 3302 nec
1067 3244 1227 3303 foeta
1253 3240 1449 3299 furore
1477 3247 1720 3317 Megaera

202 3337 287 3413 ac
320 3333 486 3407 Lib.
517 3335 774 3412 xvn.
806 3363 874 3411 v.
916 3337 1077 3435 380.

386 3446 531 3504 Novi
563 3448 720 3511 foeta
747 3449 858 3509 viri
885 3449 1040 3509 bello
1062 3448 1357 3525 praecordia
1371 3471 1392 3506 .-
1657 3461 1660 3464 ’
1814 3510 1826 3525 ,

290 3539 680 3639 Reliquum
733 3543 835 3623 est
867 3543 964 3623 V.
998 3542 1116 3621 Cl.
1159 3564 1282 3657 ur,
1333 3541 1525 3641 quod
1572 3539 1988 3707 inscitifl‘ung
