2743 4378
375 413 842 490 HORAT.
891 411 1800 501 BENTL‚,GA1›.XIX.
1860 432 2003 515 393

245 540 533 623 tempora
546 535 746 626 figni.
842 529 1078 629 anue
1111 530 1506 629 depravatio
1520 583 1546 623 ‚
1597 554 2009 632 quamquam

247 624 693 733 perabsurda,
740 646 1001 700 ceteros
1029 626 1301 700 codices
1331 627 1644 727 pervafit.
2056 647 2060 651 ⁴

259 784 264 789 .
340 719 631 813 Deinde
657 723 829 810 nihil
860 723 1085 814 obstat
1115 722 1284 799 illud
1312 724 1682 827 Augustini
1713 725 1787 797 in
1821 742 2009 808 tracv'

225 832 402 899 ,tatu
467 837 707 891 contra
772 820 1202 893 mendacium
1258 843 1409 917 cap.
1455 823 1574 897 28.
1638 824 1784 895 Nec
1834 822 2014 915 apud

233 917 565 1003 Austores
594 931 849 999 tantum
859 917 1292 1014 saecularium
1326 921 1660 1002 literarum
1732 933 1805 988 ut
1835 918 2011 1012 apud

235 1010 610 1082 Horatium
627 1069 651 1105 ‚
698 1017 863 1087 Mus
893 1019 1171 1110 loquitur
1214 1018 1388 1085 muri
1435 1012 1519 1092 &³
1552 968 1809 1107 mustela
1853 1018 2007 1087 vul·

219 1110 501 1198 peculae
532 1133 558 1178 .·
622 1112 909 1183 omnino
960 1112 1149 1184 enim
1198 1107 1567 1197 dicendum
1608 1158 1633 1198 ,
1695 1128 1814 1197 aut
1856 1110 2005 1206 jam

235 1214 404 1275 tum
441 1229 602 1276 cum
634 1205 750 1278 ille
790 1207 959 1281 haec
989 1206 1311 1280 scriberet
1354 1209 1684 1299 vulpecula
1717 1205 1791 1276 in
1835 1228 2006 1276 con·
2116 1204 2119 1205 ⁷

233 1315 456 1371 textu
503 1301 795 1375 extitisse
826 1354 851 1394 ‚
919 1323 1037 1375 aut
1097 1300 1467 1376 dicendum
1520 1300 1820 1374 fanestum
1872 1305 2003 1390 Pa-

234 1410 431 1481 trem
485 1400 854 1471 memoriae
896 1400 1079 1497 lapsu
1138 1403 1468 1494 vulpecula
1515 1397 1801 1470 verbum
1878 1399 2005 1468 tri-⁴

112 1574 117 1591 r
234 1491 389 1563 tius
420 1517 547 1607 pro
579 1496 863 1575 nitedula
894 1495 1107 1575 verbo
1140 1496 1390 1581 rariore
1418 1493 1684 1584 citasse,
1736 1511 1854 1566 aut
1883 1492 2005 1584 de-

237 1589 466 1685 nique
526 1589 893 1663 dicendum
925 1644 956 1684 ‚-
1002 1592 1190 1689 quod
1252 1591 1327 1665 &
1391 1590 1806 1688 probabilius
1865 1589 2004 1681 est,

242 1676 783 1778 Correaeftorem,
834 1711 921 1760 ne
951 1689 1067 1761 hic
1101 1688 1292 1760 locus
1341 1687 1713 1786 Augustini
1758 1684 2007 1778 discre-

235 1802 447 1887 paret
476 1804 514 1852 a
557 1781 853 1856 leffione
884 1789 1213 1878 vulpecula
1268 1810 1472 1883 quam
1510 1786 1585 1856 in
1627 1782 1815 1857 libris
1840 1783 2008 1856 Ho-

235 1876 406 1957 ratii
441 1876 798 1947 inveniffet
815 1907 853 1964 ,·
888 1885 1172 1950 nitedula
1215 1882 1287 1948 in
1318 1885 1646 1969 vulpecula
1696 1879 2000 1953 mutaffit.

240 1971 403 2042 Hic
435 1987 661 2040 autem
691 1971 1058 2065 Augustini
1104 1971 1297 2039 locus
1332 1989 1521 2040 tuam
1555 1973 1652 2042 V.
1690 1975 1803 2042 Cl.
1847 1968 2000 2044 dili-

238 2064 559 2163 gentiam
590 2061 861 2161 effugit.
1594 2106 1601 2113 ›
1692 2148 1693 2151 Ἴ

239 2172 280 2197 ”
357 2162 544 2233 Deni
595 2185 681 2233 ue
712 2160 899 2259 quod
930 2159 1011 2234 ad
1048 2159 1496 2258 quantitatem
1544 2157 1830 2232 duarum
1863 2160 2004 2257 pri·

242 2283 522 2331 marum
621 2258 944 2331 llabarum
974 2262 1046 2331 in
1076 2259 1357 2329 nitedula
1391 2258 1678 2348 attinet,
1716 2282 1820 2328 eas
1887 2283 2003 2329 ro-

245 2353 490 2429 dustas
521 2355 650 2427 effe
682 2355 978 2427 ostendit
1025 2353 1244 2427 versus
1285 2353 1625 2426 Martialis
1672 2378 1711 2426 a
1744 2355 1833 2427 Sa
1929 2379 2001 2426 a·

251 2450 360 2522 fio
395 2452 467 2522 in
504 2452 679 2523 Plin.
714 2453 961 2524 Exere:
994 2477 1072 2523 ca
1130 2508 1143 2522 .
1194 2461 1310 2524 26.
1363 2449 1728 2543 adduems,
1781 2451 2000 2524 Mart.

250 2546 506 2644 Epigr.
541 2548 702 2619 Lib.
741 2549 834 2639 V,
870 2548 1021 2619 XX
1105 2549 1276 2641 VII.
1308 2574 1374 2620 v.
1413 2550 1478 2623 8.

445 2655 701 2734 Rhenique
734 2658 886 2714 nodos
906 2699 923 2725 ‚
948 2677 1270 2735 ,aureamque
1301 2656 1516 2718 nitelam

253 2747 454 2830 Nam
488 2746 538 2819 fi
576 2750 829 2846 primae
857 2749 1027 2821 duae
1055 2751 1125 2819 in
1157 2753 1351 2818 nitela
1369 2747 1614 2845 longae
1645 2747 1837 2839 sunt,
1856 2750 1996 2844 pri-

253 2869 401 2944 mas
431 2868 702 2941 quoque
731 2846 891 2916 duas
921 2847 992 2916 in
1029 2846 1309 2917 nitedula
1339 2843 1575 2941 longas
1622 2844 1752 2917 effe
1797 2842 1997 2916 dubi·

254 2943 387 3039 tari
421 2965 560 3012 non
591 2942 815 3014 debet.

802 3130 1478 3232 F1N13.

1736 3459 2003 3598 coN„
2069 3509 2074 3514 ·
