2743 4378
752 387 894 472 ¹9⁰
1100 362 1969 448 ANIMADVERS.
2030 362 2174 447 IN

752 521 981 569 nonne
1013 495 1153 594 ipsa'
1196 498 1399 596 hujus
1429 494 1768 569 formulae
1824 513 2066 569 natura
2108 514 2317 594 atque
2345 492 2505 571 usus·

748 595 1064 664 omnium
1098 593 1489 666 Austorum
1526 591 1849 666 refellunt
1885 591 1914 662 Ρ
1963 610 2155 664 certe
2190 617 2286 665 ex
2316 593 2496 667 Brisa

741 689 917 761 sonii
949 688 1115 762 Lib.
1150 689 1211 761 Ι.
1241 689 1328 763 de
1362 689 1707 762 Formulis
1745 688 2055 781 constat,
2076 719 2083 724 ·
2106 689 2312 788 hujus
2352 689 2498 762 for*

747 786 973 859 mulae
1006 786 1217 859 verba
1261 785 1615 859 sollemnia
1657 785 1789 858 effe
1836 786 2008 858 haec
2055 786 2166 857 vel
2215 785 2457 859 fimilia
2473 814 2497 859 ε

748 886 994 954 Favete
1042 887 1274 980 linguis
1302 935 1327 976 ‚
1379 908 1482 954 ore
1501 882 1735 977 favete
1786 940 1810 975 ,
1876 886 2110 955 animis
2157 883 2499 978 linguisque

733 975 974 1074 favete
1005 1032 1030 1073 ,
1084 982 1243 1051 bona
1292 983 1495 1052 verba
1547 982 1735 1050 dicite
1750 1030 1777 1071 ‚
1829 979 1914 1059 δέ’
1966 994 2168 1050 mente
2217 978 2304 1058 δέ’
2354 1004 2501 1053 voce

749 1075 994 1160 favete.
1092 1077 1250 1170 Jam
1263 1083 1331 1169 fi
1363 1080 1527 1148 male
1556 1080 1923 1148 inominatis
1952 1077 2166 1147 verbis
2201 1082 2455 1167 parcite
2469 1128 2498 1169 ‚

750 1171 1035 1246 denotat
1048 1224 1075 1263 ‚
1125 1177 1314 1245 valde
1344 1177 1706 1244 inominatis
1721 1204 1749 1259 3
1802 1172 1974 1243 haec
2015 1196 2182 1243 vero
2230 1170 2498 1245 formu-

743 1267 817 1342 la
846 1271 1074 1368 potius
1103 1293 1188 1341 ex
1241 1267 1414 1341 oscit
1444 1267 1648 1341 verba
1676 1269 1928 1364 optimi
1977 1268 2268 1359 ominis,
2314 1288 2502 1343 celte

756 1368 979 1461 nihil,
1029 1392 1169 1465 quo
1246 1367 1525 1438 alienius
1554 1390 1594 1437 a
1628 1382 1862 1437 mente
1896 1364 1972 1437 &
2003 1364 2497 1440 manuHoratii

742 1457 960 1554 biset,
1009 1464 1389 1561 excogitari
1426 1463 1657 1559 potuit
1704 1485 1909 1558 quam
1942 1461 2085 1533 hoc
2112 1513 2139 1554 ,
2240 1462 2384 1534 uod
2420 1482 2500 1537 tu

745 1558 1066 1631 adfirmas
1095 1585 1134 1630 a
1167 1583 1373 1630 manu
1390 1559 1670 1630 Horatii
1706 1556 2094 1654 profestum
2138 1486 2310 1649 dile,
2359 1563 2500 1633 ino-¹

748 1659 1014 1727 minatis
1056 1680 1073 1725 ε
1123 1653 1490 1750 graviffimi
1533 1673 1765 1726 autem
1813 1654 2015 1763 hujus
2057 1655 2301 1726 erroris
2337 1679 2498 1728 cau·-

735 1751 884 1819 saun
915 1750 1218 1821 invenire
1244 1748 1527 1821 difficile
1556 1776 1701 1821 non
1733 1745 1877 1837 est3
1927 1751 2295 1842 mmirum,
2331 1775 2497 1827 cum
2648 1747 2649 1750 ¹

742 1845 1088 1915 memoria
1133 1862 1473 1941 repeteres
1537 1845 1920 1919 Horatium
1980 1843 2208 1942 Epod.
2272 1846 2496 1923 XVI.

697 1985 714 1992 ·
738 1937 1069 2110 fflfiffe
1116 1945 1471 2014 inominata
1508 1948 1867 2042 perprimat
1915 1944 2146 2015 cubilia
2208 1965 2300 2014 ex
2336 1970 2494 2042 per-

980 2036 1471 2111 consuetudine
1514 2038 1707 2112 locos
1753 2065 1843 2112 ex
1884 2039 2057 2112 locis
2093 2040 2494 2139 ¹corrigendi

739 2131 824 2214 zin
852 2134 993 2208 hoc
1020 2134 1213 2209 versu
1239 2141 1607 2209 inominatis
1637 2159 1797 2210 eum
1829 2160 2108 2248 quoque
2143 2134 2497 2306 scfigfissk,

749 2229 922 2305 locis
968 2234 1149 2306 inter
1188 2231 1253 2305 se
1298 2258 1444 2306 non
1486 2236 1893 2332 comparatis
1922 2282 1951 2327 ‚
1998 2232 2264 2307 mconfi
2311 2255 2497 2309 erate

741 2329 1089 2427 judicasti.
1184 2331 1687 2428 Numquamne
1728 2334 1857 2404 erit
1888 2383 1916 2424 ,
1963 2332 2073 2406 vir
2108 2330 2487 2405 eruditiffi-

750 2450 908 2511 me3
963 2446 1044 2498 ut
1079 2425 1163 2499 ab
1197 2429 1338 2500 hoc
1370 2429 1637 2501 enormi
1661 2426 2085 2512 ‚emendandi
2115 2427 2329 2501 modo
2368 2427 2484 2501 de-

751 2520 984 2592 sistas?
1033 2523 1097 2594 E
1151 2523 1381 2597 osane
1423 2548 1646 2620 angor
1698 2525 1774 2598 &
1818 2524 2189 2598 excrucior
2223 2577 2249 2619 ‚
2301 2523 2490 2625 quod

750 2617 826 2686 in
897 2616 1067 2714 huju
1095 2619 1288 2691 modi
1351 2622 1652 2717 peccatis
1720 2620 2294 2720 reprehendendis
2345 2643 2487 2696 tam

745 2709 945 2813 saepe
976 2738 1199 2814 cogor
1237 2736 1526 2814 ·tempus
1575 2717 1991 2792 consumere.
2088 2720 2368 2792 Deinde
2416 2722 2489 2793 in

751 2809 875 2902 iis,
926 2810 1045 2907 qui
1096 2812 1601 2911 Synaloepham
1648 2812 1836 2913 reste
1871 2814 2141 2915 negligi
2192 2836 2488 2913 putant,

747 2906 851 2979 'est
879 2960 905 3003 ‚
957 2909 1181 3006 inquis
1213 2961 1240 3002 ‚
1293 2911 1733 3007 Sagaciffi‘mus
1760 2915 2077 2999 fHeinsms
2096 2943 2130 2997 ‘3
2216 2917 2276 2985 is
2318 2920 2489 2986 enim

747 3004 833 3074 ad
881 3004 1235 3079 Claudian.
1301 3006 1453 3079 Sec,
1517 3007 1796 3080 Consul.
1842 3008 2116 3092 stilich.
2178 3032 2251 3081 v.
2324 3013 2493 3108 167„

733 3101 885 3190 fust-
949 3104 1125 3177 male
1187 3105 1504 3176 ominatis
1583 3112 1821 3177 tuetur.
1891 3102 1898 3109 ’
1947 3105 2079 3179 Sed
2129 3107 2301 3178 illud
2361 3132 2486 3180 non

743 3200 1214 3273 animadvertit
1291 3204 1406 3272 vir
1480 3205 1735 3298 infignis
1762 3250 1789 3293 ,
1855 3207 2161 3298 pleraque
2217 3213 2472 3296 mnn‘m,

744 3306 907 3381 quae
966 3297 1061 3365 ibi
1109 3297 1363 3390 profert
1392 3346 1420 3390 .,
1499 3297 1797 3371 hiatuum
1861 3297 2144 3392 ememp‘Ia
2198 3303 2281 3372 in
2334 3326 2487 3372 cae-

723 3383 961 3472 ficram
1000 3395 1151 3478 five
1200 3398 1269 3464 in
1301 3399 1589 3487 primam
1626 3397 1811 3490 pedis
1845 3394 2168 3492 sfllabam
2221 3399 2441 3470 calm

739 3494 867 3575 snon
899 3497 975 3552 ut
999 3483 1103 3559 hic
1131 3537 1161 3580 ‚
1207 3493 1278 3561 in
1321 3489 1599 3583 Daezyli
1647 3487 1914 3569 tertium
1956 3509 2083 3572 aut
2112 3494 2490 3594 ficunlm·

2363 3596 2503 3668 At-
