2743 4378
760 416 901 501 524
1121 390 2004 472 ANIMADVERS.
2068 391 2220 466 IN

756 523 998 593 dicium
1026 519 1371 616 oportuff.
1410 598 1415 605 ‚
1468 515 1571 585 Et
1600 520 1801 605 rede,
1849 513 2077 611 inquis
2095 556 2120 604 3
2169 517 2269 585 illi
2301 511 2389 591 ἐρ’
2419 536 2558 585 ‘ve-³

753 642 824 689 re
840 643 866 689 .·
914 622 1033 711 nist
1072 616 1236 712 quod
1266 634 1391 707 pro
1440 614 1551 683 illo
1590 611 1950 693 'tenebrione
1998 612 2210 682 Poeta
2250 615 2552 701 vapula-

756 720 864 786 vit
886 740 912 786 .·
974 711 1062 784 de
1112 735 1256 810 quo
1323 706 1729 785 tenebrione
1786 705 1884 780 fic
1941 705 2177 805 paullo
2242 703 2559 801 superius

759 807 1070 908 scripfisti
1087 842 1115 897 3
1170 809 1464 879 Exortus
1507 804 1595 899 est
1624 818 1779 886 ante
1812 828 2007 875 annos
2043 805 2333 874 ducentos
2347 803 2553 896 ssele-

756 923 942 980 ratus
969 904 1169 999 nesiio
1201 908 1344 999 quis
1361 945 1390 995 5
1438 905 1548 996 qui
1582 925 1648 972 os
1661 899 1952 993 sublevit
1989 902 2165 983 Aldo
2198 901 2558 992 Manutio,

758 1008 1064 1075 mentitus
1099 1000 1466 1096 antiquum
1499 994 1840 1094 quendam
1872 996 2224 1069 Codicem
2236 995 2556 1068 Viennae

763 1098 952 1196 apud
985 1097 1393 1173 stanissaum
1424 1094 1610 1167 Zaur
1640 1141 1669 1185 ,
1716 1090 1940 1166 versus
1974 1091 2070 1165 fic
2125 1109 2149 1179 (
2177 1111 2262 1166 ut
2287 1092 2484 1190 supra
2513 1118 2553 1165 a

765 1195 967 1269 nobis
1000 1180 1210 1292 positi
1244 1192 1448 1277 sunt)
1500 1187 1849 1275 exhibere.
2262 1270 2265 1271 ⁷

860 1292 1085 1390 Atqui
1132 1289 1549 1362 Torrentius
1595 1312 1741 1359 non
1790 1286 1971 1358 dixit
2004 1286 2394 1359 Horatium
2439 1286 2546 1358 vi-

771 1388 944 1462 tiose
995 1387 1129 1461 effe
1174 1386 1493 1458 locutum
1521 1435 1547 1476 ,
1613 1385 1823 1478 idque
1865 1383 2224 1456 adnotatio
2279 1387 2424 1483 ejus
2471 1380 2556 1455 ‘ad

775 1488 968 1559 hunc
1000 1486 1238 1557 locum
1272 1481 1630 1554 evidenter
1657 1479 1957 1553 ostendit
1997 1538 2021 1573 ,
2073 1483 2127 1552 I
2142 1486 2403 1574 iparei,
2450 1482 2561 1551 in·

775 1586 929 1680 quit
963 1632 990 1673 ‚
1060 1582 1249 1653 nitor
1280 1581 1494 1650 Hebri
1512 1599 1634 1672 pro
1681 1577 1961 1651 Hebrus
1983 1629 2010 1668 ,
2077 1594 2154 1646 ut
2185 1578 2411 1670 pafflm
2452 1580 2553 1648 lo-

768 1696 1053 1775 quuntur
1068 1680 1336 1750 Poetae.
1430 1677 1563 1749 Sed
1584 1676 1850 1749 hocloco
1881 1675 2048 1747 illud
2070 1672 2331 1768 insolens
2350 1724 2380 1765 ‚
2396 1673 2564 1769 quod

768 1799 909 1846 cum
942 1774 1132 1845 nitor
1173 1770 1400 1842 Hebri
1428 1773 1674 1842 dixerit
1702 1820 1729 1862 ‚
1770 1769 2088 1865 sequitur,
2142 1771 2378 1865 Eques
2404 1767 2561 1865 ipso

770 1866 1016 1939 melior
1044 1864 1594 1963 Bellerophonte
1616 1917 1643 1958 ‚
1692 1892 1820 1939 non
1831 1867 2044 1963 ficus,
2092 1890 2165 1938 ac
2180 1873 2245 1960 fi
2261 1863 2561 1961 Hebrus

765 1964 1023 2057 dixiffet
1042 1988 1068 2035 .·
1120 1966 1329 2058 qualis
1340 1960 1506 2057 sime
1542 1967 1769 2036 locutio
1800 1968 2070 2058 exemplo
2107 1966 2302 2036 caret.
2354 1956 2559 2036 Libri

769 2077 984 2134 autem
1018 2055 1184 2155 Mffi
1203 2057 1326 2156 sex
1345 2062 1481 2156 post
1523 2057 1853 2134 diflionem
1883 2054 2112 2134 Hebri
2137 2059 2423 2150 verficm‘,
2441 2064 2552 2156 q'ui

770 2157 841 2233 in
873 2161 1162 2256 vulgatis
1192 2161 1424 2230 tertius
1455 2158 1540 2256 est
1555 2209 1582 2250 ,
1630 2153 2013 2252 intersis-unt
2049 2218 2074 2249 ,
2128 2157 2355 2234 Simul
2385 2165 2558 2231 unc'-

773 2277 905 2330 tos.
956 2254 1104 2359 Qi
1133 2256 1279 2330 ordo
1321 2259 1565 2327 omnino
1576 2255 1945 2348 servandus
1978 2257 2065 2351 est
2082 2309 2109 2348 ,
2160 2265 2287 2329 non
2319 2258 2389 2329 ob
2421 2254 2557 2345 ᾖν-

777 2357 976 2427 monis
1021 2360 1276 2426 tantum
1315 2351 1770 2445 insolentiam,
1839 2353 1951 2444 [ἑά
1994 2358 2149 2448 quia
2182 2356 2378 2426 aliter
2410 2352 2563 2448 sen-

778 2455 985 2525 tentia
1015 2464 1139 2522 no'n
1164 2449 1401 2616 cgrfflat
1420 2474 1445 2520 .·
1496 2449 1662 2545 quod
1705 2448 2052 2545 ingeniosics
2081 2452 2316 2522 [Δᾶον
2352 2448 2561 2545 facile

761 2550 1089 2640 percipiet.
1265 2568 1304 2616 e
1360 2564 1593 2640 tamen
1644 2544 1870 2618 insana
1915 2545 2179 2646 gloriae
2222 2544 2566 2643 cupiditas

774 2661 919 2713 tam
951 2641 1399 2712 vehementer
1430 2642 1550 2712 hic
1586 2643 2009 2751 exagitavit,
2057 2662 2141 2716 ut
2169 2655 2312 2715 non
2332 2640 2563 2714 solum

775 2737 1137 2811 Torrentii
1171 2734 1401 2807 laudes
1436 2788 1462 2827 ,
1512 2762 1602 2810 ne
1652 2755 1789 2810 tuis
1836 2739 2181 2813 obstarent
2208 2793 2233 2832 ‚
2283 2737 2563 2811 filentio·

776 2826 1086 2909 obrueris
1104 2866 1132 2922 3
1184 2853 1436 2906 verum
1464 2836 1673 2908 etiam
1689 2886 1714 2927 ‚
1765 2846 1849 2910 ut
1901 2835 2263 2936 turpiffimi
2318 2836 2559 2908 crimi-

781 2935 886 3006 nis
916 2957 1079 3006 eum
1110 2931 1503 3031 coargueris
1522 2933 1558 3003 ?
1590 2931 1789 3024 Quid
1823 2936 2008 3006 enim
2040 2932 2309 3006 foedius
2341 2935 2406 3005 ei
2437 2931 2568 3004 ob-

769 3030 901 3129 jici
935 3022 1170 3128 potuit
1203 3080 1230 3121 ‚
1294 3053 1503 3125 quam
1551 3028 1724 3101 illud
1771 3051 1892 3122 pro
1934 3028 2305 3103 finebrione
2351 3032 2571 3102 Poeta

779 3132 1134 3220 vapulavit
1151 3126 1186 3197 ,Ρ
1234 3124 1415 3197 hane
1448 3127 1635 3210 enim
1682 3123 2083 3200 sententiam
2132 3127 2209 3203 &
2255 3128 2331 3198 in
2380 3126 2572 3198 Tan.

784 3220 1086 3297 Fabrum
1127 3221 1202 3294 &
1234 3222 1309 3294 in
1339 3222 1415 3295 T
1418 3224 1797 3296 orrentium
1830 3222 2320 3321 pronuntiasti.⁴
2345 3222 2573 3320 Atqui

781 3335 1058 3391 tantum
1104 3316 1293 3391 abest
1324 3369 1350 3410 ‚
1418 3335 1500 3391 ut
1553 3315 1969 3394 Torrentius
2018 3319 2203 3393 illius
2253 3321 2568 3393 criminis

781 3435 933 3507 reus
969 3413 1052 3485 fit
1069 3463 1095 3504 ‚
1150 3433 1232 3485 ut
1278 3412 1594 3485 ordinem
1639 3442 1681 3489 a
1727 3417 2177 3491 Tenebrione
2219 3416 2353 3491 isto
2403 3435 2568 3515 pro·-

781 3503 1042 3582 fcftum
1072 3507 1338 3610 duplici
1368 3511 1633 3618 ratione
1681 3511 2019 3590 damnarit
2055 3562 2083 3609 ‚
2136 3514 2330 3614 quod
2362 3513 2576 3588 verba

2398 3612 2581 3708 ejus,
2674 3656 2679 3662 -
