2743 4378
343 430 348 435 '
469 410 1834 506 HORAT.BENTL.CAP.XI.
1936 424 2116 515 139‘

310 533 498 608 cium
533 534 696 609 locu
749 531 1044 607 letissimi
1078 530 1281 606 testes
1315 533 1604 632 triginta
1650 530 1802 630 plus
1849 535 2078 610 minus

307 631 446 704 loci
476 656 517 703 a
546 656 661 705 me
714 656 883 730 upra
916 629 1263 703 emendati
1296 630 1429 704 tibi
1460 630 1571 705 vel
1600 631 1823 704 invito
1837 650 2076 705 extor-

311 728 663 823 quebunt3
715 754 878 801 cum
919 727 1305 800 observatio
1341 781 1367 821 ,
1421 752 1593 825 quae
1637 728 1712 800 in
1756 728 2079 803 omnibus

307 825 436 898 illis
470 825 782 898 ordinem
803 823 1173 897 verborum
1218 826 1469 897 mutari
1515 826 1865 923 praecepit
1883 878 1909 920 ‚
1960 851 2073 900 m-

306 920 471 995 dem
510 923 588 996 in
616 923 723 995 his
755 945 1035 1020 quoque
1079 919 1348 992 duobus
1396 921 1704 993 {imiliter
1747 923 2071 996 ordinem
2136 977 2141 978 ν

307 1020 564 1093 mutari
593 1020 821 1117 praeci
873 1020 990 1092 iat.
1086 1017 1416 1111 Sequitur
1448 1035 1531 1089 ut
1561 1017 1754 1089 locos
1789 1019 2077 1093 Horatii

307 1140 351 1188 a
387 1139 502 1189 me
531 1114 726 1212 supra
756 1140 828 1188 re
891 1134 998 1188 tos
1012 1167 1039 1207 ‚
1090 1111 1338 1211 quibus
1373 1111 1742 1187 lectionem
1759 1140 1896 1187 cum
1909 1119 2078 1188 mul-

308 1226 392 1282 ta
443 1215 631 1284 laude
690 1211 1147 1309 comprobare
1197 1209 1560 1282 contendis
1592 1261 1621 1304 ‚
1702 1207 2082 1287 discutiam.

313 1308 602 1386 Horum
637 1310 899 1407 primus
927 1307 1027 1381 est
1042 1361 1072 1402 ‚

503 1463 718 1523 vincula
748 1480 880 1523 cum
912 1481 1128 1540 magno
1163 1465 1369 1542 risuque
1384 1463 1594 1545 jocoque
1617 1464 1836 1526 videres.

309 1603 414 1679 At
476 1621 749 1678 tantum
810 1603 997 1678 abest
1027 1655 1053 1697 ‚
1132 1625 1213 1679 ut
1274 1606 1481 1703 hujus
1535 1604 1757 1681 versus
1802 1605 2076 1680 numeri

308 1704 697 1776 inornatam
750 1700 1263 1801 simplicitatem
1289 1754 1313 1794 ‚
1380 1722 1589 1801 quam
1634 1728 1858 1778 amare
1907 1699 2080 1774 dicis

306 1800 690 1873 Horatium
743 1799 1101 1873 ostendant
1125 1852 1151 1894 ‚
1217 1820 1305 1874 ut
1366 1800 1473 1872 tui
1527 1800 1618 1873 V.
1651 1801 1764 1875 Cl.
1814 1797 2079 1893 fimpli-

309 1897 597 1972 citatem
633 1950 660 1992 ‚
722 1915 803 1969 ut
852 1899 951 1971 ita
997 1899 1239 1997 loquar
1263 1950 1290 1990 ‚
1332 1895 1583 1993 judicii
1628 1898 1715 1972 de
1766 1896 2073 1970 numeris

305 1990 709 2068 Horatianis
739 1992 1098 2093 infigniter
1128 1993 1488 2067 ostendant
1514 2026 1542 2080 3
1592 1997 1920 2093 quoniam
1950 2017 2077 2090 ap-

307 2089 575 2163 tiffimis
615 2112 779 2160 eum
808 2089 1120 2162 constare
1155 2088 1455 2161 numeris
1491 2091 1568 2164 &
1596 2115 1784 2163 aures
1815 2089 1929 2162 vel
1955 2113 2082 2186 pa-

306 2211 472 2261 rum
505 2184 811 2259 eruditae
857 2184 1148 2258 sentiant
1164 2236 1191 2276 ‚
1243 2182 1319 2258 &
1333 2235 1360 2277 ‚
1409 2182 1601 2280 quod
1646 2186 1734 2259 de
1782 2185 2083 2259 numeris

308 2282 629 2356 Po'e'ticis
675 2281 806 2352 viri
848 2280 1038 2354 docti
1101 2279 1537 2354 tradiderunt
1574 2331 1603 2372 ‚
1671 2281 2080 2367 confirmat:

307 2378 400 2452 ad
433 2378 628 2451 hunc·
654 2377 842 2450 enim
872 2376 1163 2451 modum
1179 2428 1205 2470 ‚
1306 2375 1447 2448 uod
1481 2394 1553 2448 te
1585 2402 1731 2451 non
1766 2380 2082 2476 ignorare

307 2495 489 2576 puto
507 2527 534 2567 ‚
587 2473 988 2572 loquuntur.
1035 2475 1159 2571 ,Ea
1193 2401 1574 2546 cocilocatio
1626 2473 1888 2574 pedum
1933 2470 2084 2546 sua-

305 2574 411 2645 vis
446 2572 589 2663 est,
641 2573 716 2644 in
749 2597 882 2684 qua
911 2596 1129 2646 unum
1160 2570 1383 2644 solum
1418 2594 1563 2644 vox
1596 2572 1868 2673 integra
1901 2595 2080 2644 con-

293 2669 530 2743 stituit
552 2721 578 2761 ‚
627 2687 709 2741 ut
754 2695 829 2742 in
861 2667 1054 2743 versu
1088 2668 1304 2745 modo
1341 2666 1546 2742 allato
1583 2720 1612 2763 ‚
1678 2696 1757 2745 ea
1787 2664 2078 2743 suaviffi-

300 2791 416 2839 ma
443 2767 516 2837 in
595 2790 683 2839 ua
712 2790 799 2838 ne
832 2767 942 2840 vel
959 2791 1176 2842 unum
1208 2791 1352 2842 vox
1384 2767 1660 2864 integra
1690 2766 2079 2859 constituit,

303 2882 387 2936 ut
414 2863 488 2935 in
523 2792 645 2935 isso
682 2863 1009 2962 Virgilii,

491 3018 799 3095 sylvestrem
825 3020 975 3080 tenui
1004 3022 1222 3098 Musam
1246 3021 1517 3081 meditaris
1544 3039 1755 3081 avena.-

298 3158 514 3233 iidem
554 3183 595 3231 e
629 3161 973 3233 contrario
1007 3159 1265 3232 docent
1296 3160 1564 3234 versum
1585 3218 1608 3250 ,
1659 3159 1731 3231 in
1764 3182 1904 3256 quo
1937 3156 2078 3234 fin·-⁴

298 3254 472 3366 gula
509 3254 715 3365 uerba
764 3256 1067 3355 singulos
1113 3256 1321 3353 pedes
1376 3256 1811 3331 constituunt
1842 3309 1868 3350 ,
1943 3257 2073 3332 effe

302 3350 824 3427 insuav1ffimum
849 3414 871 3448 ,
920 3354 1134 3453 qualis
1165 3352 1265 3427 est
1299 3355 1420 3428 hic
1437 3388 1467 3444 3

491 3509 679 3593 urbem
691 3512 890 3585 fhmm
924 3526 1083 3592 nuper
1118 3514 1238 3594 cepit
1255 3514 1452 3590 sortior
1478 3511 1645 3591 hostis.

1348 3653 1388 3731 I
1439 3659 1488 3721 6
1903 3640 2089 3718 Illud
