2743 4378
681 389 835 450 220
1057 352 1933 437 ANIMADvERs.
2009 351 2255 464 ΙΝ]
2361 355 2369 360 ·

694 492 791 568 let
806 543 833 584 ,
882 511 1086 587 quam
1120 483 1174 560 fi
1203 482 1478 558 umbras
1512 482 1607 555 ita
1645 479 1919 576 stipatas
1961 499 2168 577 atque
2200 476 2489 552 confer-³.

690 608 790 663 tas
818 582 1295 669 adumbraret3
1346 600 1432 654 ut
1460 579 1732 651 humeri
1765 577 2074 649 humeris
2090 578 2473 651 haererent:

686 682 881 784 quod
895 679 1131 779 ‘ipsum
1166 679 1339 753 haec
1370 676 1579 751 verba
1604 675 1901 771 Denficm
1951 675 2235 746 humeris
2279 695 2474 775 egre-

688 781 806 881 gie
836 778 1259 876 exprimunt.

785 873 1090 949 Deinde.
1156 871 1273 945 Ad
1307 870 1545 946 Carm.
1577 867 1745 941 Lib.
1783 867 1921 940 ΙΙΙ.
1953 867 2172 940 XXI.
2205 892 2278 940 v.
2311 887 2388 964 5.

891 987 1237 1065 Quocumque
1269 981 1460 1042 hilum
1492 981 1697 1040 nomine
1724 976 1993 1056 Mafficum
2176 1015 2183 1022 ·

888 1085 1079 1137 servas
1096 1120 1117 1150 ,
1251 1097 1254 1100 ·

702 1174 852 1256 Hoc
891 1172 978 1267 est
996 1222 1023 1264 ‚
1072 1171 1330 1269 inquis,
1350 1187 1427 1248 at
1458 1194 1619 1245 nunc
1651 1170 1900 1264 quidem
1937 1170 2331 1261 explicatur,
2364 1190 2489 1239 cu-

710 1265 1114 1369 juscumque
1174 1268 1492 1342 Consulis
1552 1289 1809 1339 nomen
1861 1263 1939 1336 ὅτ.
1983 1289 2242 1337 annum
2296 1264 2484 1337 feras.

708 1367 911 1467 Qid
928 1368 1117 1439 audio
1139 1366 1174 1437 ?
1220 1391 1417 1440 nonne
1446 1365 1600 1458 jam
1644 1364 1901 1434 dixerat
1931 1412 1958 1452 ,
2006 1361 2083 1433 O
2131 1381 2290 1433 nata
2343 1386 2486 1434 me-

711 1487 892 1560 cum*
913 1461 1216 1536 Consule
1233 1462 1509 1541 Manlio
1529 1461 1567 1530 ,7
1613 1462 1908 1555 quomodo
1923 1482 2062 1556 ergo
2094 1456 2493 1552 nunc,Qo-

710 1582 1015 1657 cumque
1054 1557 1355 1656 Consule
1376 1558 1574 1632 nata?
1621 1559 1893 1658 ¹Quanto
1923 1555 2025 1627 his
2053 1560 2318 1629 meliora
2335 1577 2493 1649 pro-

714 1660 870 1726 tulit
901 1657 1271 1749 Scholiastes
1305 1659 1524 1727 Acron
1555 1705 1582 1746 ,
1637 1660 1708 1747 st
1749 1657 1895 1725 bene
1938 1656 2210 1725 monenti
2256 1654 2494 1725 obtem·

698 1771 862 1845 pera
911 1768 1042 1822 ent.
1094 1750 1571 1845 Quocumque
1599 1750 1885 1827 nomine
1913 1772 1999 1824 ex
2029 1749 2351 1830 omnibus
2382 1748 2494 1821 su-

711 1868 795 1945 pr
886 1843 1071 1932 stis,
1122 1844 1259 1917 five
1292 1846 1380 1917 ad
1409 1846 1586 1940 jocos
1618 1879 1673 1937 ‚·
1698 1845 1839 1926 five
1884 1844 1969 1920 ad
2010 1848 2287 1940 querelas
2318 1896 2347 1937 ‚
2402 1846 2497 1926 69²

712 1957 941 2022 cetera.
1037 1942 1246 2015 Nihil
1272 1948 1533 2016 verius:
1582 1959 1704 2014 aut
1743 1948 1912 2016 enim
1954 1942 2099 2018 haec
2147 1942 2501 2015 verborum

699 2037 1026 2136 sententia
1060 2039 1146 2134 est
1162 2092 1188 2133 ,
1238 2057 1358 2112 aut
1395 2045 1573 2128 nulla
1601 2042 1709 2133 est.
1778 2042 2101 2113 -Dixerat
2117 2090 2144 2132 ‚
2176 2038 2295 2134 seu
2325 2063 2500 2137 que-

714 2133 884 2212 relas
912 2187 939 2230 ‚
969 2142 1121 2230 five
1159 2141 1360 2238 jocos
1394 2189 1420 2231 ,
1453 2138 1572 2234 stu
1617 2161 1880 2221 amores
1924 2188 1952 2230 ,
1982 2142 2133 2232 sive
2177 2133 2497 2213 somnum

771 2234 942 2328 erss,
990 2234 1037 2310 ὃ
1073 2230 1288 2308 Testa
1326 2269 1353 2323 3
1411 2238 1630 2308 deinde
1684 2235 1887 2331 infert
1921 2285 1948 2327 ‚
1999 2258 2374 2330 quocumque
2423 2261 2503 2307 ex

717 2256 827 2413 {is
875 2338 1133 2409 nomine.
1180 2334 1523 2424 Mafficum
1571 2332 1828 2428 servas.
1942 2330 2222 2411 Deinde
2270 2331 2501 2424 addis,

724 2425 1200 2524 Quocumque
1232 2431 1514 2503 nomine
1531 2483 1557 2522 ‚
1605 2431 1718 2501 hoc
1747 2429 1832 2524 8st
1861 2480 1888 2522 ‚
1939 2453 2384 2526 quocumque
2411 2430 2503 2500 ti·-

725 2523 919 2614 tulo,
961 2548 1402 2621 ,quacumque
1433 2525 1854 2613 conditione.
1896 2604 1901 2607 ,
1947 2527 2059 2599 Sic
2097 2550 2184 2600 eo
2217 2526 2509 2611 nomine

712 2618 942 2713 paffim
973 2624 1287 2691 occurrit:
1339 2621 1527 2717 quod
1580 2621 1751 2701 locis
1798 2646 1888 2696 ex
1918 2622 2182 2694 Tacito
2217 2623 2295 2696 &
2328 2624 2502 2695 Sue·-

726 2715 926 2798 tonio
944 2713 1157 2805 allatis
1175 2714 1720 2817 ostendis.Atqui
1736 2743 1824 2797 ex
1842 2720 2122 2796 Acrone
2140 2718 2500 2793 Landinus

728 2829 887 2896 ante
922 2831 993 2885 te
1024 2811 1196 2891 haec
1228 2814 1521 2911 protulit
1543 2869 1566 2908 -‚
1619 2840 1827 2913 quam
1862 2816 2505 2914 interpretationem

726 2906 943 2985 secuti
989 2906 1142 2985 sunt
1204 2910 1564 3003 Minellius
1595 2964 1621 3005 ‚
1664 2913 2038 3002 Juvancius
2113 2936 2192 2992 ac
2244 2913 2503 2990 Tane-

729 3030 884 3078 ron.
972 3008 1305 3102 .Juvancii
1368 3008 1575 3087 verba
1643 3009 1801 3085 sunt
1863 3010 2034 3083 haec
2067 3060 2095 3099 ‚
2143 3007 2253 3083 ed.
2304 3005 2510 3082 Paris.

731 3102 1262 3198 MDCXCVI.
1359 3108 1518 3179 Non
1546 3107 1650 3178 hic
1697 3108 2056 3203 designatur
2085 3130 2305 3178 nomen
2339 3109 2510 3178 Con-

724 3201 886 3290 sulis
923 3226 949 3270 .·
1014 3204 1182 3282 illud
1240 3206 1408 3275 enim
1472 3202 1725 3297 disertis
1785 3205 2001 3276 verbis
2051 3205 2204 3298 jam
2269 3204 2510 3275 attulit

736 3293 1061 3370 Horatius
1150 3298 1305 3370 haec
1331 3302 1529 3395 igitur
1560 3299 1646 3392 cst
1668 3297 1984 3390 sententia
2013 3332 2039 3386 3
2091 3324 2514 3395 quaecumque

722 3385 942 3485 fuerit
973 3393 1168 3496 pausa
1194 3394 1279 3473 δέ
1309 3401 1482 3468 ratio
1511 3401 1878 3476 curvinum
1906 3400 1977 3467 in
2026 3413 2089 3466 te
2120 3398 2512 3469 conderetur.

739 3479 1037 3583 Castalio
1103 3513 1381 3588 quoque
1445 3489 2023 3585 Observationum
2074 3491 2398 3662 Decadc}J
2415 3492 2518 3567 V.

2399 3612 2515 3692 ap.
