2743 4378
287 497 729 596 ·Qamquam
771 505 987 571 autem
1030 509 1274 573 errores
1318 501 1422 568 tui
1454 552 1478 589 ,
1548 521 1696 593 quos
1748 503 1819 572 in
1849 500 1986 577 hoc·

219 592 417 674 libello
447 597 746 691 redargui
775 642 800 685 ‚
835 598 900 690 st
936 617 1076 666 cum
1112 598 1239 686 eis,
1290 618 1438 689 quos
1473 597 1544 667 in
1587 597 1792 670 Notis
1821 599 1964 693 nost

212 694 337 768 tris
377 692 470 763 ad
498 693 855 770 Horatium
895 691 1129 784 confixi
1157 743 1185 784 ,
1232 690 1641 786 conferantur
1679 751 1704 787 ,
1769 701 2002 790 pauca&

195 786 358 882 fient
371 839 399 879 ‚
448 788 746 886 ejusmodi
776 805 991 863 tamen
1009 840 1038 882 ‚
1086 792 1159 864 ni
1175 786 1393 883 fallor
1410 848 1435 884 ,
1465 788 1628 885 fient
1656 842 1682 884 ‚
1733 808 1809 863 ut
1834 797 2000 866 ina-u

202 887 487 960 modicae
528 888 900 981 jactantiae
948 901 1014 959 te
1061 902 1283 988 cogant
1302 966 1303 971 ,
1314 893 1650 982 poenitere.
1757 891 1966 963 Immo
1999 928 2006 943 ·

211 985 325 1070 etsi
350 1007 429 1059 ne
461 988 575 1058 vel
597 1007 794 1058 unum
832 1010 863 1057 e
899 988 1033 1061 tuis
1059 985 1385 1058 erroribus
1435 985 1538 1058 hic
1582 988 1966 1083 attigiſjbm‚

192 1075 318 1169 fid
339 1081 464 1158 duo
475 1082 623 1177 jola
650 1086 864 1177 capita
895 1081 1084 1179 hujus
1113 1083 1364 1174 Libri,
1429 1087 1697 1155 tertium
1721 1085 1990 1183 fiilim·

211 1172 296 1258 f&
340 1195 648 1268 quartum
674 1232 709 1272 Α,
736 1244 759 1251 ,-
795 1184 866 1252 in
912 1179 1137 1274 quibus
1165 1182 1488 1273 plurimae
1531 1176 1986 1276 proponuntur·

187 1277 664 1358 *emendationes
684 1327 710 1366 ‚
758 1300 1033 1368 quarum
1057 1301 1132 1348 ne
1164 1300 1295 1348 una
1328 1276 1577 1369 quidem
1614 1300 1659 1345 a
1697 1292 1759 1345 te
1794 1300 1968 1347 occu-

200 1383 376 1459 pata
422 1372 506 1446 est
537 1422 563 1461 ‚
611 1373 988 1464 evulgaffem
1022 1411 1048 1462 ·,
1113 1394 1220 1442 eae
1276 1387 1496 1442 tamen
1546 1368 1715 1469 ipsae
1763 1395 1973 1444 emen·

211 1463 502 1539 dationes
542 1468 640 1539 ad
676 1469 1100 1563 incutiendum
1131 1469 1260 1540 tibi
1274 1468 1581 1559 pudorem
1605 1466 1772 1559 satis
1805 1520 1832 1560 ‚
1896 1484 1972 1539 ut

210 1565 470 1656 opinor,
521 1567 835 1639 valerent.
925 1567 1117 1638 Nam
1133 1568 1189 1652 si
1219 1564 1442 1659 fontes
1468 1587 1689 1636 earum
1717 1563 1803 1646 δέ
1840 1571 1971 1639 ori-

200 1666 383 1759 gines
416 1666 817 1758 cognoveris,
855 1664 916 1753 fi
929 1663 1232 1756 peccandi
1257 1666 1479 1758 caussts
1493 1667 1779 1735 ⁴tenueris
1805 1720 1829 1753 ‚
1877 1662 1970 1743 ἐξ

213 1771 289 1832 ut
324 1762 519 1835 verbo
551 1763 759 1833 dicam
777 1813 804 1853 ‚
841 1767 911 1855 fi
935 1762 1211 1837 Horatii
1241 1764 1559 1856 ingenium
1604 1760 1688 1841 ἐς)
1729 1761 2000 1832 doctri-2

204 1877 360 1927 nam
382 1907 409 1947 ‚
444 1856 527 1936 &²
567 1867 787 1931 contra
820 1860 1359 1950 Interpolatorum
1394 1857 1478 1938 ὅς’
1510 1859 2000 1930 Librariorum-

210 1951 539 2045 inscitiam
558 1955 947 2051 perspeeiam
984 1957 1284 2029 habueris
1298 2008 1325 2048 ,
1362 1953 1695 2048 plerasque
1724 1955 1972 2048 veriffl-

206 2072 348 2125 mas
384 2053 500 2142 effe
517 2072 731 2143 parvo
762 2055 975 2125 labore
1009 2058 1275 2145 reperies
1297 2111 1319 2141 ‚
1369 2052 1453 2132 ὅ)
1476 2076 1633 2146 quae
1662 2055 1834 2124 veris
1850 2053 1997 2123 ad···

206 2149 637 2221 numerandae
665 2174 786 2221 non
800 2148 1001 2243 stent,
1051 2173 1156 2222 eas
1193 2151 1286 2222 ad
1310 2153 1660 2224 veritatem
1677 2154 2000 2242 proxima

211 2244 501 2316 accedere
515 2244 719 2335 facile
731 2248 1112 2338 judicabis.‘
1207 2302 1209 2306 «

316 2337 457 2407 Sed
481 2339 561 2415 ὃ
597 2345 867 2409 alterum
896 2365 1120 2418 munus
1148 2365 1338 2431 neque
1367 2344 1502 2409 leve
1531 2341 1782 2428 quidem
1814 2344 1883 2404 in
1915 2353 1979 2405 te

211 2430 561 2526 conferunt
603 2433 850 2525 nostrae
900 2434 1473 2525 animadverfiones
1490 2463 1517 2516 3
1583 2435 1810 2502 etenim
1854 2431 1979 2502 hae

207 2547 274 2601 te
307 2530 615 2608 docebunt
661 2527 1035 2599 emendandi
1064 2531 1297 2623 regulis
1324 2531 1427 2597 uti
1451 2526 1757 2621 scientius
1769 2559 1796 2614 3
1850 2528 1973 2600 hae

209 2630 334 2697 tibi
369 2627 802 2718 monstrabunt
829 2627 1077 2721 regulas
1120 2623 1426 2719 quastlam
1461 2624 1553 2694 ad
1573 2624 1737 2696 hanc
1766 2642 1973 2698 artem

212 2748 358 2798 cum
407 2724 593 2804 laude
637 2724 1040 2796 exercendam
1089 2722 1444 2811 utiliffi'mas
1468 2754 1494 2806 3
1548 2721 1668 2792 hae
1699 2738 1762 2792 te
1793 2724 1970 2794 doce-

211 2822 377 2889 bunt
406 2822 684 2909 exempla
716 2821 811 2912 ¹ad
836 2836 984 2890 tuas
1015 2822 1321 2910 opiniones
1333 2819 1703 2911 firmandas
1730 2821 1971 2910 aptzffl-

208 2941 322 2986 ma
350 2914 654 3007 adferre3
699 2916 820 3003 &2
840 2930 915 2986 ut
939 2918 1163 3006 paucis
1193 2914 1565 3007 praecidam
1584 2967 1609 3005 ,
1629 2914 1750 2985 hae
1782 2930 1973 2986 teme-

212 3016 484 3082 ritatem
516 3028 698 3083 tuam
716 3013 1078 3084 cohibebunt
1098 3069 1121 3102 ,
1138 3027 1201 3082 te
1218 3012 1308 3082 ad
1320 3014 1714 3105 diligentiam
1742 3014 1974 3081 incita-

216 3110 381 3178 bunt
403 3159 429 3198 ‚
478 3112 804 3204 ingenium,
823 3123 1167 3199 exacuent,
1185 3105 1567 3201 efficientque
1594 3121 1669 3177 ut
1696 3105 1780 3185 δέ
1802 3128 1973 3198 pau-

219 3208 399 3275 ciora
419 3221 680 3295 peccata
696 3254 703 3262 ·
701 3205 962 3299 posthac
993 3205 1360 3296 admittas,
1414 3203 1500 3282 &³
1541 3207 1748 3275 multa
1792 3220 1974 3276 acute

216 3299 314 3379 ἐξ
356 3323 503 3370 vere
529 3308 854 3397 excogites.
950 3302 1179 3396 Neque
1224 3325 1377 3372 vero
1424 3301 1716 3387 laudibus
1746 3349 1771 3391 ,
1820 3325 1977 3393 quas

215 3399 364 3470 alia
396 3400 499 3467 tui
534 3401 764 3493 ingenii
795 3399 881 3478 &³
897 3397 1265 3470 eruditionis
1290 3413 1689 3469 monumenta
1719 3398 1842 3467 tibi
1866 3417 1975 3488 pe-

203 3510 521 3588 pererunt
557 3551 583 3590 ,
647 3496 749 3568 his
790 3494 1440 3591 animadverfionibas
1478 3493 1978 3653 quidquamaede-

1222 3593 1269 3645 *ἒ
1328 3611 1363 3687 3
1702 3605 1813 3660 tra.
1875 3605 1987 3660 um
