2743 4378
654 379 826 458 180·
1030 366 1894 446 ANIMADVERS.
1949 365 2084 439 IN

701 567 708 574 .
741 497 961 577 Ovid.
995 493 1478 584 Metamorph.
1518 493 1575 563 I.
1606 516 1676 563 v.
1711 511 1884 585 225.

839 619 931 669 Me
950 623 1134 685 parat.
1164 606 1287 662 haec
1319 602 1397 660 ini
1418 601 1585 679 placet
1633 598 1985 675 experientia
2021 596 2164 655 veri.

644 706 800 781 Ubi
841 702 1016 774 Nic,
1054 693 1383 772 Heinfius
1426 745 1453 785 ,
1503 715 1731 764 rerum
1780 694 2157 784 numerostus
2190 720 2218 776 3
2269 689 2459 784 quod

649 812 724 878 in
739 799 1010 897 fi’cundo
1048 796 1339 870 Mediceo
1374 792 1667 862 extabat.
1728 787 1891 885 Ego
1933 785 2083 856 sane
2119 809 2271 856 non
2304 785 2432 855 du-

646 901 869 973 bitem
906 894 1078 990 quin
1110 889 1293 990 apud
1332 886 1677 960 Ovidium
1706 882 2085 982 legendum
2122 880 2210 953 fit
2241 904 2422 975 expe-

653 999 894 1069 rientia
924 1014 1159 1063 rerum.
1215 987 1398 1059 Non
1431 983 1694 1054 idcirco
1727 998 1986 1070 tamen,
2021 978 2213 1075 quod
2227 1002 2434 1049 rerum

652 1086 1086 1165 numerofius
1129 1082 1227 1157 est
1273 1134 1300 1174 ,
1350 1084 1446 1152 ita
1498 1074 1872 1177 legendum
1923 1073 2229 1147 censeam
2259 1127 2284 1166 ‚
2330 1073 2438 1145 sed

663 1189 827 1260 ideo
865 1198 892 1279 ‘‚
945 1182 1134 1283 quod
1182 1185 1326 1252 veri
1377 1175 1704 1274 irrepfiffe
1751 1173 2064 1245 videatur
2112 1196 2203 1243 ex
2249 1168 2437 1246 versu

661 1285 990 1383 proxime
1026 1276 1477 1378 praecedente
1516 1292 1684 1373 223.

1240 1399 1348 1447 Nec
1383 1387 1479 1443 erit
1513 1382 1791 1441 dubitabile
1819 1399 2053 1439 verum.

671 1489 1168 1587 Illud-quoque
1200 1480 1600 1555 Corre&ori
1636 1474 1943 1550 mutandi
1977 1496 2193 1544 rerum
2222 1472 2298 1543 in
2328 1497 2448 1543 ve·

666 1595 730 1659 ri
759 1584 981 1656 ansam
1019 1581 1270 1655 dediffe
1305 1579 1451 1649 veri
1505 1575 1724 1647 fimile
1760 1573 1859 1644 est
1892 1623 1918 1662 ,
1971 1569 2158 1667 quod
2192 1619 2218 1658 ,
2280 1592 2449 1639 cum

669 1685 900 1755 Poeta
928 1680 1016 1750 de
1049 1703 1185 1750 una
1216 1700 1296 1745 re
1326 1676 1728 1770 loqueretur
1760 1670 1836 1742 in
1867 1693 1934 1739 ν.
1978 1689 2150 1765 224.

853 1792 1015 1848 Noae
1035 1806 1257 1862 gravem
1275 1783 1459 1859 fimmo
1491 1803 1580 1840 nec
1605 1781 1757 1859 opina
1800 1779 2002 1858 perdere
2028 1791 2191 1834 morte

858 1884 958 1942 Δία
981 1893 1164 1957 parat.
1198 1876 1320 1933 haec
1348 1876 1425 1932 illi
1439 1874 1606 1952 placet
1640 1872 1992 1950 experientia
2028 1870 2167 1928 veri.

723 1970 948 2044 utavit
980 2022 1006 2060 ,
1081 1990 1297 2040 rerum
1350 1965 1530 2036 male
1582 1963 1723 2035 dici
1761 1989 1778 2035 :
1849 1982 1921 2034 at
1958 1962 2091 2032 hoc
2123 1958 2455 2032 multitu-

666 1999 844 2160 ginis
879 2091 1087 2164 quam
1121 2064 1404 2137 unitatis
1441 2085 1729 2134 numero
1784 2059 2159 2157 elegantius
2190 2056 2450 2149 efferri,

669 2170 743 2241 in
780 2165 1009 2239 Notis
1054 2163 1139 2236 ad
1189 2160 1595 2234 Horatium·
1625 2156 1887 2229 ostendi
1929 2182 1947 2226 ε
2022 2154 2317 2253 denique
2368 2173 2456 2227 ut

673 2288 892 2339 rerum
920 2263 1148 2362 legam
1179 2258 1348 2330 illud
1387 2283 1500 2329 me
1537 2272 1816 2345 movet,
1869 2251 2055 2347 quod
2074 2277 2215 2324 vox
2232 2258 2453 2323 rerum

681 2364 845 2437 voci
892 2363 1283 2455 experientia
1334 2380 1538 2452 quam
1575 2376 1719 2424 vox
1752 2355 1898 2421 veri
1950 2350 2173 2446 aptius
2196 2351 2469 2448 junga-’

679 2479 841 2549 tur,
861 2456 1047 2554 quod
1085 2455 1431 2526 neminem
1453 2505 1477 2544 ,
1502 2449 1627 2522 nifi
1663 2447 1781 2546 qui
1816 2445 2071 2518 restam
2105 2443 2442 2517 scribendi

683 2557 1024 2628 rationem
1071 2552 1348 2645 ignoret
1386 2600 1412 2638 ‚
1483 2549 1799 2644 ignorare
1855 2542 2169 2614 arbitror.
2272 2540 2451 2633 Sed,

681 2669 763 2721 ut
799 2648 884 2720 ad
916 2646 1410 2743 Metaphoram
1448 2645 1724 2735 moribus
1778 2664 2004 2710 ornare
2052 2692 2078 2731 ,
2129 2638 2313 2710 unde
2343 2637 2455 2708 di-

685 2743 886 2845 gressi
921 2742 1148 2813 sumus
1180 2794 1206 2832 ‚
1258 2761 1702 2811 revertamur.
1767 2736 2004 2807 Festus
2060 2738 2134 2806 in
2168 2745 2453 2806 orndt'us.

686 2847 995 2917 Omatus
1029 2840 1266 2910 dicitur
1298 2837 1385 2916 ξδ-
1431 2840 1606 2907 bonis
1637 2836 1890 2907 artibus
1937 2833 2319 2926 instrublus,
2372 2836 2455 2909 &-

691 2943 957 3013 honores
1008 2939 1270 3029 adeptus
1318 2958 1362 3004 a
1417 2936 1644 3026 populo
1678 2983 1703 3023 9
1755 2931 1853 3011 &·
1893 2931 2040 3001 bene
2076 2944 2289 3021 aptus,
2311 2981 2332 3014 ,
2377 2942 2453 2996 ut

687 3044 867 3109 miles
888 3092 941 3108 ..
970 3093 984 3106 .
1014 3050 1211 3129 atque
1241 3035 1436 3104 etiam
1471 3048 1747 3100 ornatus
1807 3028 2049 3098 dicitur
2093 3030 2298 3098 cultus
2330 3021 2457 3115 ipse

687 3158 808 3224 quo
841 3138 980 3226 quis
1014 3148 1281 3204 ornatur
1309 3178 1334 3218 ,
1380 3133 1458 3206 (ῤ’
1491 3150 1628 3198 cum
1660 3127 1922 3195 dicimus
1969 3127 2249 3215 aliquem
2308 3137 2455 3191 tra-

681 3232 819 3318 gico
854 3233 967 3299 vel
994 3233 1219 3300 comico
1264 3223 1516 3296 ornatu
1554 3222 1814 3316 prodire
1851 3275 1875 3309 ,
1927 3219 2003 3291 &
2047 3220 2144 3289 ita
2196 3217 2459 3288 Cicero

688 3321 869 3390 dixit
901 3340 1199 3395 ornatum
1244 3325 1550 3395 Oratoris
1579 3314 1729 3391 esse
1753 3315 1939 3412 quafi
1985 3315 2295 3403 vestem3
2325 3337 2455 3384 un-

688 3414 776 3487 de
816 3414 1037 3511 liquet
1070 3419 1210 3493 hoc
1244 3417 1541 3514 verbum
1571 3411 1904 3514 aptiffime
1951 3438 1992 3487 a
2040 3434 2342 3511 corpore
2372 3407 2479 3519 qd:

924 3566 928 3570 .
2299 3530 2448 3581 am-
