2743 4378
715 380 860 462 ³32
1094 346 1970 429 ANIMADVERS.
2021 350 2169 428 IN

712 481 1034 577 annotaffl
1064 474 1537 552 Grammaticos
1568 525 1597 567 ‚
1645 475 1731 557 ᾧ*
1765 479 2037 568 reperiri
2080 478 2262 568 apud
2282 475 2527 555 Hora&
2682 580 2683 591 ἵ

713 584 880 650 tium
910 579 1067 651 Lib.
1100 579 1161 649 I.
1194 576 1400 649 Serm.
1436 572 1520 646 V
1509 573 1562 643 I
1556 625 1575 643 .
1647 575 1995 665 Receptam
2026 587 2234 644 tamen
2278 572 2400 649 ho'c
2415 581 2521 655 loq

713 699 782 747 co
812 679 1128 747 leflionesn
1143 672 1366 765 servo.
1469 668 1688 765 Atqui
1708 668 1858 762 fors
1871 719 1899 759 ‚
1953 668 2041 748 ξε]
2076 669 2367 742 omnino
2402 672 2512 745 le.

771 771 1023 843 endum
1061 796 1085 858 3
1132 792 1293 841 nam
1325 764 1567 860 forsan
1615 764 1746 837 css'e
1789 766 2196 837 enarratoris
2247 768 2370 864 qui
2397 770 2515 868 vei

715 794 960 940 feviter
994 863 1179 939 hisce
1225 862 1462 936 studiis
1514 859 1769 934 tinans
1804 860 1906 934 est
1940 909 1967 952 ,
2018 860 2222 934 facile
2331 869 2510 939 erci-

773 964 885 1035 ἀ.
983 960 1208 1054 Qod
1237 978 1471 1034 autem
1500 957 1586 1030 ad
1615 957 1814 1052 forsit
1861 958 2110 1036 attinet
2145 1008 2173 1048 ‚
2225 959 2250 1028 i
2301 984 2393 1033 eo
2425 962 2505 1034 il..

715 988 837 1132 Rid
875 1060 994 1132 hic
1030 1056 1563 1158 improbandum
1592 1053 1694 1127 est
1724 1105 1753 1147 ‚
1851 1054 1991 1129 uod
2044 1056 2390 1153 particula
2423 1060 2507 1141 &²-

718 1154 944 1253 pofita
969 1175 1129 1229 ante
1157 1154 1364 1230 verba
1376 1152 1765 1260 debitajufa
1824 1153 2168 1224 ententiae
2205 1155 2502 1227 acrimo-

719 1272 1150 1424 affin
1177 1247 1944 1455 znffiffiffl
1960 1266 2511 1447 :assssfffz‘z‘z-

722 1447 811 1528 &
841 1448 918 1521 in
949 1464 1362 1528 contextum
1371 1444 1571 1539 forsit
1591 1501 1613 1533 ‚
1663 1440 1853 1537 quod
1883 1465 1961 1513 m
1989 1442 2210 1515 Ser-m.
2241 1443 2409 1519 Lib.
2442 1446 2509 1522 L·

718 1539 862 1631 Vl.
898 1571 968 1618 v.
994 1542 1114 1642 48.
1147 1544 1207 1616 le
1261 1544 1442 1634 itur,
1491 1540 1789 1615 induxit.
2490 1602 2497 1607 .

817 1641 1056 1728 Carm.
1087 1641 1184 1713 11.
1297 1640 1396 1713 X.
1430 1663 1500 1712 v.
1545 1659 1611 1737 3.

914 1761 1093 1810 Vates:
1122 1770 1285 1829 neque
1314 1749 1376 1808 in
1401 1751 1562 1808 terris
1588 1747 1828 1809 morabor

720 1839 870 1915 Ubi
888 1897 909 1925 ,
957 1843 1194 1913 Plures
1207 1889 1235 1932 ‚
1283 1839 1513 1936 inquit
1531 1889 1558 1932 ,
1606 1840 1842 1913 codices
1881 1843 1950 1911 in
1988 1855 2206 1911 terra:
2258 1859 2506 1935 nequo

713 1936 1204 2028 animadvertit⁸
1240 1940 1436 2008 terris
1486 1954 1837 2009 mutatum
1874 1938 1947 2008 in
1994 1953 2167 2008 terra
2204 1985 2234 2027 ‚
2297 1934 2495 2032 quod

717 2033 1253 2133 Interpolatores
1281 2032 1567 2106 unitatis
1595 2057 1887 2109 numero
1916 2082 1965 2123 ‚,
1996 2058 2143 2117 non
2162 2031 2499 2127 multitu-

718 2129 895 2208 dinis
908 2184 935 2225 ‚
985 2133 1126 2206 hoc
1156 2155 1416 2205 nomen
1445 2126 1691 2204 efferre
1719 2126 2246 2205 consueverunt.

803 2230 972 2307 Lib.
1007 2232 1145 2305 ΙΙΙ.
1182 2226 1287 2305 ΙΙ.
1321 2255 1390 2304 v.
1431 2226 1539 2301 18.

906 2346 1267 2410 lntaminatis
1282 2343 1454 2422 fulget
1479 2344 1784 2407 honoribus:

720 2436 1149 2528 Intaminatis
1165 2490 1191 2530 ‚
1239 2437 1469 2534 inquit
1497 2488 1526 2530 ‚
1585 2442 1673 2526 fic
1704 2439 1859 2511 libri·
1884 2450 2131 2512 veteres
2166 2491 2193 2533 ,
2243 2442 2498 2537 ideoque

716 2538 890 2607 nihil
911 2535 1377 2613 immutandum
1403 2535 1510 2629 est.
1602 2537 2024 2637 Quamquam
2052 2539 2218 2611 alibi
2245 2539 2362 2611 hoc
2383 2564 2498 2628 vo·

717 2633 1010 2702 cabutam
1044 2654 1143 2701 me
1188 2631 1390 2725 legffl
1434 2655 1557 2704 non
1604 2637 1882 2726 memini.
1981 2632 2248 2706 Verum
2291 2636 2367 2721 in
2410 2658 2491 2706 u·
2584 2719 2587 2724 ¹

717 2750 815 2799 no
861 2723 1105 2798 codice
1148 2725 1667 2801 incontaminatis
1729 2728 1985 2826 reperit
2049 2728 2431 2806 Lambinus
2464 2782 2493 2824 ‚

717 2820 831 2896 sed
861 2822 949 2896 de
980 2824 1125 2920 ejus
1158 2821 1300 2895 fide
1344 2824 1765 2899 Torrentius
1815 2826 2090 2899 videtur
2138 2826 2493 2901 dubitaffe.

953 2918 1295 2994 dubitatio
1324 2919 1402 2993 &
1432 2919 1763 2994 inscitiam
1793 2926 1940 3024 ejus
1970 2916 2494 3021 &iniquitatem

709 3015 1026 3091 adversus
1058 3017 1479 3090 Lambinum
1514 3017 1838 3096 ostendit.
1936 3020 2134 3094 Nam
2171 3021 2498 3095 Gifanius

587 3109 591 3116 ’
715 3115 962 3189 Indice
992 3114 1280 3215 Lucret.
1316 3117 1392 3188 in
1420 3140 1599 3190 voce
1629 3117 2105 3214 Hypermetri.
2199 3121 2285 3200 In
2317 3110 2498 3190 vdie-

710 3234 786 3282 re
812 3214 973 3285 libro
988 3261 1016 3304 ‚
1066 3213 1166 3285 ait
1180 3263 1207 3304 ,
1257 3214 1811 3287 incontaminatis
1847 3221 2050 3308 reperi
2079 3266 2108 3308 ‚
2160 3219 2354 3311 vulgo
2387 3216 2498 3288 in-

717 3309 1059 3380 taminatis
1091 3358 1118 3399 ‚
1168 3311 1337 3404 quod
1376 3313 1700 3383 Latinum
1740 3311 2015 3408 fortaffe
2052 3337 2183 3384 non
2225 3313 2314 3406 est
2343 3364 2371 3405 ‚
2419 3338 2501 3383 ex

710 3425 897 3497 eoque
950 3411 1253 3477 manavit
1284 3455 1310 3495 ‚
1383 3408 1554 3499 quod
1595 3407 1751 3479 haec
1797 3406 2160 3503 abstemendi
2295 3413 2499 3482 imam

692 3496 1019 3595 syllabam
1054 3503 1227 3572 ratio
1256 3523 1382 3574 non
1394 3507 1498 3592 fit
1530 3505 1820 3577 omnibus
1848 3519 2020 3580 ncta.
2071 3431 2323 3581 Regu
2373 3506 2492 3577 Tu

731 3653 738 3659 -
2340 3623 2495 3677 vero
