2743 4378
372 354 833 432 HORAT.
884 351 1331 434 BENTL.
1382 349 1757 428 emxl..
1826 345 1975 464 '133'

201 492 400 549 mento
431 477 570 557 &a
622 475 744 550 etfi
777 494 895 550 aut
930 502 1071 550 non
1085 493 1506 576 poneretur,
1556 501 1716 550 eum
1735 492 1969 564 tamen

200 594 538 645 remanere
569 576 919 671 integrum
956 575 1029 645 &
1070 574 1256 646 nulla
1292 572 1390 645 sui
1444 592 1636 670 parte
1685 569 1967 645 mutila-4

198 668 391 741 tum?
443 669 683 769 Itaque
721 695 883 741 cum
918 670 1088 742 haec
1107 721 1132 761 ,
1182 695 1352 768 quae
1391 694 1432 740 a
1461 687 1535 741 te
1564 669 1763 742 allata
1808 664 1963 743 sunt

197 765 506 861 exempla
524 818 550 857 ‚
602 768 676 837 in
707 791 793 838 eo
811 817 836 857 ,
888 766 961 836 in
998 791 1139 862 quo
1173 767 1337 839 huic
1378 764 1595 837 versui
1630 768 1961 840 Memento

193 857 432 933 fimilia
464 862 594 934 effe
643 860 1011 952 deberent,
1030 860 1270 934 fimilia
1293 942 1297 948 ,
1320 885 1743 957 nequaquam
1779 862 1911 934 fint
1926 898 1956 952 3

193 978 492 1053 cumque
527 957 870 1030 duriffima
901 957 1247 1030 vocalium
1284 958 1358 1028 in
1395 955 1618 1053 verbis
1633 959 1960 1031 Memento¹

186 1069 304 1124 aut
337 1050 767 1126 concursatio
803 1051 1023 1126 versus
1059 1052 1326 1124 cursum
1346 1104 1374 1144 ,
1425 1055 1545 1149 qui
1581 1053 1827 1128 citatus
1866 1054 1964 1126 es·-

181 1147 247 1219 se
278 1147 487 1220 debet
521 1200 548 1239 ,
597 1150 883 1221 retineat
912 1199 939 1238 ,
988 1173 1067 1220 ac
1112 1147 1329 1220 veluti
1383 1148 1678 1219 refrenet
1708 1200 1734 1239 ‚
1780 1150 1959 1222 hanc

180 1240 557 1315 lectionem
589 1242 785 1314 alteri
815 1242 1227 1315 inscitiffime
1261 1268 1299 1313 a
1332 1261 1406 1314 te
1439 1242 1802 1340 praelatam
1833 1246 1963 1318 esse

179 1337 343 1437 plus
364 1363 567 1435 quam
633 1336 1013 1437 erspicuum
1034 1338 1153 1410 est.
1177 1338 1458 1410 ‘Verum
1494 1363 1617 1410 cur
1645 1363 1722 1410 ea
1753 1338 1959 1413 lectio
2002 1407 2007 1410 ,

177 1432 539 1531 probanda
595 1453 654 1506 1t
667 1486 692 1528 ‚
743 1436 921 1507 hanc
955 1434 1173 1507 adfers
1205 1436 1563 1510 rationem.
1658 1438 1963 1512 Librarii

179 1546 399 1602 autem
415 1532 522 1604 hic
551 1555 715 1604 Am·
750 1532 1088 1628 omist’runt
1106 1584 1133 1623 ‚
1183 1536 1338 1626 quia
1370 1533 1578 1605 demto
1612 1557 1678 1605 eo
1694 1584 1721 1623 ‚
1739 1534 1958 1628 verfiti

169 1625 361 1717 suum
378 1646 649 1703 metrum
666 1629 1004 1721 constabat.
1024 1632 1237 1723 Atqui
1249 1629 1419 1703 illud
1442 1633 1956 1705 animadvertere

178 1724 520 1798 debuerunt
547 1777 572 1817 ,
623 1725 832 1798 horae
877 1744 1238 1798 momento
1289 1727 1430 1799 cita
1478 1751 1661 1798 mors
1710 1729 1902 1801 venit
1921 1781 1975 1822 ‚,

176 1824 306 1909 nist
350 1826 680 1914 particula
764 1823 973 1917 disjun
982 1827 1162 1895 &iva
1225 1822 1544 1914 instratur
1607 1826 1948 1920 ominositm

163 1919 357 2007 plane
390 1919 473 1998 ὅς’
507 1919 854 2013 infaustum
900 1922 1036 2011 effi.
1130 1918 1277 1989 Hic
1330 1943 1476 1991 non
1525 1919 1797 2016 possum
1848 1921 1946 1998 V.

178 2010 295 2084 Cl.
331 2037 475 2086 non
510 2034 708 2085 tuum
743 2014 1054 2087 admirari
1089 2014 1446 2110 ingenium
1461 2047 1488 2101 3
1547 2015 1714 2087 illud
1731 2019 1945 2112 enim,

175 2108 411 2209 quod,
464 2107 516 2179 fi
558 2107 733 2180 abfit
764 2125 924 2202 aut,
970 2109 1145 2180 dicis
1179 2106 1308 2179 effe
1339 2108 1773 2203 ominosum,
1824 2127 1966 2184 ve-'

172 2230 294 2295 re,
347 2204 572 2300 lepide
608 2205 683 2277 &
715 2225 914 2276 acute
943 2231 985 2277 a
1015 2207 1277 2294 Po'eta,
1327 2222 1445 2276 aut
1473 2230 1616 2276 non
1646 2206 1947 2304 adjectQ
2050 2208 2060 2216 ’

171 2299 445 2373 dictum
464 2299 604 2371 est:
659 2320 898 2371 contra
951 2325 1029 2371 ea
1076 2300 1416 2396 particula
1465 2299 1723 2398 adjecta
1773 2302 1949 2376 nihil

174 2395 266 2469 ab
301 2422 388 2469 eo
421 2394 685 2467 dictum
721 2395 1034 2487 videtur,
1133 2393 1273 2465 uod
1305 2396 1525 2491 quivis
1556 2420 1699 2468 non
1741 2395 1947 2471 dixis-

172 2491 294 2566 set.
391 2491 527 2567 Sed
562 2492 636 2564 in
671 2516 812 2590 quo
842 2493 1042 2591 hujus
1080 2419 1449 2564 {qententiae
1492 2492 1684 2591 lepos
1732 2491 1809 2566 &
1836 2519 1943 2567 ar·

174 2591 372 2686 gutia
402 2587 774 2662 consistant
803 2639 828 2679 ,
880 2586 1319 2686 aperiendum
1363 2587 1482 2660 est.
1578 2591 1943 2666 Mercator

174 2705 257 2756 ut
290 2685 611 2760 militiam
640 2683 760 2757 suo
793 2685 975 2758 vitae
1003 2707 1253 2784 genere
1270 2686 1938 2784 potioremeffepro·

176 2779 352 2875 bet,
389 2782 569 2855 hanc
600 2781 820 2854 adfert
853 2783 1232 2853 rationem:
1283 2781 1475 2853 horae
1503 2799 1807 2855 momento
1841 2791 1935 2857 ci·-

179 2896 251 2949 ta
282 2884 664 2965 morsvenit
681 2913 707 2966 3
808 2902 932 2952 uae
962 2879 1135 2949 ratio
1171 2901 1313 2949 non
1346 2876 1561 2949 modo
1593 2902 1737 2950 non
1772 2890 1937 2975 pro‘-

175 2973 336 3049 bare
365 2973 679 3063 videtur,
730 2903 807 3047 id
882 2974 1023 3045 uod
1039 2972 1229 3063 vult,
1279 2997 1519 3044 verum
1551 2972 1623 3043 id
1651 2974 1945 3053 demon-

175 3071 423 3160 strare,
474 3070 720 3141 militia
750 3094 843 3140 nu
894 3095 1018 3141 um
1065 3070 1245 3139 vitae
1293 3091 1510 3165 genus
1556 3067 1686 3140 effe
1736 3069 1935 3142 odio·
2028 3142 2031 3145 ,

177 3167 310 3243 fius
329 3218 357 3256 ‚
408 3165 596 3262 quod
629 3167 813 3238 enim
845 3167 1027 3257 vitae
1054 3187 1268 3262 genus
1323 3166 1583 3261 majore
1614 3188 1777 3239 cura
1821 3166 1934 3258 fu-

173 3259 513 3362 giendum
549 3261 647 3332 est
679 3286 881 3359 quam
938 3260 1106 3332 illud
1143 3258 1328 3358 quod
1378 3281 1671 3336 mortem
1691 3313 1717 3351 ‚
1767 3287 1939 3365 quae

175 3358 501 3430 omnium
551 3357 886 3429 malorum
919 3355 1019 3428 est
1063 3357 1440 3428 maximum
1464 3408 1488 3448 ‚
1553 3358 1879 3432 accelerat
1901 3364 1936 3433 ?

177 3454 456 3533 Verum
489 3450 1161 3621 animadvertendmln
1214 3452 1354 3527 hoc
1396 3452 1632 3528 dixiss‘e
1679 3481 1939 3557 merca·

1190 3571 1224 3647 3
1590 3566 1594 3579 ‘
1716 3570 1942 3627 torem
