2743 4378
751 333 954 424 ,ηδ
1140 324 2010 407 ANIMADVERS.
2091 329 2233 403 IN

1162 539 1241 622 C
1301 540 1371 620 A
1434 536 1500 620 P
1562 536 1647 621 U
1708 538 1794 622 T
1938 540 2027 624 X
2084 539 2146 621 I.

782 759 1103 872 thuras
1187 766 1584 848 Orationis
1635 738 2029 875 opportune
2087 759 2567 851 ammadver-
2638 742 2643 746 ⁵

862 877 1002 987 sits
1019 895 1184 958 tum
1219 876 1322 960 ad
1336 875 1572 989 sanas
1589 876 1919 961 lebitones
1941 876 2449 975 tuendas,tum
2469 879 2570 963 ad

862 988 1260 1096 Jimandas
1293 991 1605 1102 vt'tiqsas
1640 990 1845 1073 haud
1889 1011 2169 1103 parum
2196 988 2563 1105 prqficera

1157 1164 1532 1251 Bentleius
1554 1164 1807 1278 paffim
1839 1181 2160 1249 notatus.

793 1332 1093 1538 ETfi
1128 1340 1433 1440 figurae,
1483 1364 1644 1438 quas
1687 1340 2035 1413 Rhetores
2064 1335 2177 1411 ΑΓ
2206 1333 2465 1413 ndeton
2492 1340 2565 1416 δε
2663 1300 2667 1306 v

1011 1437 1516 1537 Polysendeton
1546 1436 1931 1534 appellant,
1980 1434 2110 1508 tibi
2242 1492 2258 1510 .
2294 1436 2408 1508 Cl.
2444 1462 2564 1510 co-

788 1540 1023 1632 gnitae
1062 1535 1384 1626 fuerunt,
1436 1535 1514 1604 iis
1548 1552 1779 1606 tamen
1813 1532 1898 1604 ad
1934 1557 2122 1605 veras
2157 1558 2196 1605 a
2228 1532 2403 1605 falfis
2424 1533 2562 1608 lec-

788 1632 1092 1703 tionibus
1132 1628 1676 1702 internoscendas
1706 1626 1843 1700 nus
1874 1653 2030 1701 uam
2055 1688 2078 1722 ‚
2127 1627 2178 1700 fi
2211 1626 2401 1702 bene
2419 1655 2564 1705 me·-

787 1728 1001 1815 mini,
1054 1724 1207 1796 usus
1239 1749 1328 1796 es.
1429 1724 1622 1818 Quas
1655 1748 1799 1816 non
1855 1724 2227 1822 pernendas
2260 1726 2345 1797 ad
2374 1746 2565 1802 vete-

791 1839 895 1895 r‘es
946 1819 1155 1893 libros
1199 1819 1656 1893 emendandos
1702 1819 1952 1893 habere
2005 1822 2333 1896 utilitates
2365 1823 2521 1897 loca
2536 1877 2562 1916 ‚

747 1985 755 1995 .
787 1943 958 2017 quae
988 1942 1215 1989 earum
1253 1915 1724 1990 admonitione
1752 1915 2009 2006 sanavi,
2057 1918 2208 1992 satis
2237 1917 2566 2020 superque

785 2015 1151 2088 declarant.
1248 2016 1521 2087 Harum
1559 2015 1789 2113 prior,
1837 2035 1919 2087 ut
1969 2040 2208 2088 omnes
2258 2037 2515 2090 norunt
2535 2068 2561 2109 ,

788 2112 878 2187 fit
942 2111 1384 2211 ademptione
1460 2111 2032 2213 conjunfizionum
2062 2147 2089 2201 3
2171 2111 2509 2212 posterior
2535 2106 2570 2207 ‚³

786 2230 1018 2292 autem
1063 2209 1634 2310 conjunffionum
1694 2208 2096 2308 adjectione.
2193 2211 2291 2283 Et
2339 2215 2567 2286 omni-

791 2334 888 2389 no
935 2307 1610 2389 animadvertendum
1640 2360 1666 2400 ,
1732 2331 1964 2378 earum
2025 2306 2220 2380 usum
2265 2307 2565 2408 adjuvari

792 2405 1262 2481 observatione
1294 2406 1572 2496 critica,
1624 2428 1803 2503 quae,
1828 2403 2035 2477 docet
2066 2401 2342 2477 inscitos
2381 2406 2565 2478 Cor-

788 2501 1083 2574 re6kores
1101 2553 1126 2592 ,
1178 2502 1296 2575 ubi
1332 2501 1686 2574 vinculum
1720 2501 1937 2572 deeffe
1970 2501 2300 2598 putabant
2319 2559 2343 2593 ‚
2376 2502 2565 2575 addi-

789 2596 994 2688 disse,
1047 2595 1165 2666 ubi
1199 2622 1365 2668 vero
1397 2596 1762 2696 superesse,
1816 2596 2191 2671 detraxiss‘e.
2288 2597 2567 2672 Utrius-

789 2717 924 2793 que
954 2711 1184 2765 autem
1217 2692 1479 2792 figurae
1507 2692 1690 2764 idem
1723 2692 1874 2764 fons
1890 2693 2030 2786 est,
2079 2712 2366 2792 utraque
2382 2699 2566 2769 enim

790 2792 1049 2865 acriora
1082 2788 1249 2861 facit
1299 2791 1376 2863 &
1427 2789 1822 2863 instantiora
1870 2814 2043 2887 quae
2085 2790 2398 2863 dicimus,
2502 2795 2569 2866 A

789 2889 1004 2989 priori
1045 2885 1270 2986 figura
1300 2887 1667 2986 incipiam,
1716 2910 1929 2982 eaque
1961 2886 2048 2959 ad
2077 2887 2330 2960 celeres
2359 2891 2570 2962 animi

790 2997 1065 3079 motu8‚
1115 2984 1307 3057 velut
1339 2985 1501 3056 iram
1526 3042 1551 3076 ,
1599 2980 2188 3082 indignationem,
2237 2983 2569 3085 objurga-

792 3084 1057 3156 tionem
1075 3134 1100 3175 ,
1152 3081 1484 3154 laetitiam
1519 3132 1545 3173 ‚
1596 3078 2008 3155 hilaritatem
2047 3132 2073 3173 ,
2125 3081 2201 3154 &
2234 3099 2317 3154 ut
2355 3082 2575 3156 verbo

792 3177 1018 3250 dicam
1038 3230 1063 3271 ,
1114 3178 1200 3250 ad
1253 3178 1484 3251 omnia
1528 3198 1701 3276 quae
1757 3177 2070 3249 celeriter
2121 3177 2303 3251 fiunt
2342 3182 2574 3279 expri-

790 3274 1039 3344 menda
1064 3275 1375 3370 inprimis
1390 3272 1910 3348 accommodata
1941 3274 2041 3346 est
2056 3275 2175 3365 ,δί
2196 3276 2268 3346 in
2298 3275 2406 3348 his
2425 3278 2578 3375 qui-

789 3365 948 3436 dem
970 3368 1018 3439 fi
1038 3369 1905 3464 copulaadderetur,totam
1923 3371 2247 3445 orationis
2265 3373 2581 3446 venusta-

792 3480 936 3539 tem
966 3486 1439 3564 corrumperet
1465 3479 1492 3561 ’,
1542 3474 1624 3544 ut
1656 3471 1731 3548 in
1759 3468 1883 3545 illo
1916 3468 2274 3546 Ciceronis
2307 3522 2334 3564 ,
2383 3473 2587 3662 afft,

2222 3582 2226 3586 *
2304 3591 2449 3641 exce
2494 3584 2587 3665 tt,
