2743 4378
374 402 836 490 HORAT.
884 395 1333 484 BENTL.
1379 399 1575 478 cn.
1607 399 1748 477 XI.
1854 420 1993 501 15!

222 500 229 506 ’
306 529 492 605 Item
521 529 749 630 Epod.
783 528 1036 604 xv11.
1065 554 1139 605 v.
1178 535 1295 626 36-

351 683 356 688 -
398 641 679 718 Qaefim's
696 646 724 701 ἑ
758 656 859 703 aut
872 644 1035 721 quod
1058 638 1688 717 memaemstspendim?

217 728 442 805 Aliter
486 735 572 815 &²
621 737 789 832 quod
799 768 843 820 .;
895 734 1006 808 sed
1069 737 1238 809 haec
1292 733 1517 833 figura
1560 737 1793 832 ecquod
1832 735 1975 836 legi

258 831 434 902 raeci
489 831 583 903 it:
641 831 763 905 ubi
795 833 871 905 δε
903 857 1033 931 pro
1046 835 1432 929 stipendium
1466 831 1649 904 forte
1666 834 1976 930 stipendii

274 948 745 1122 gIetldniIRpist.
781 1025 838 1095 I.
874 1022 969 1098 V.
1001 1050 1069 1098 v.
1109 1047 1218 1120 14.

405 1126 629 1205 Λάβδα
650 1168 670 1198 ,
700 1129 903 1213 inferno.
930 1146 1111 1207 potare
1127 1133 1186 1189 &
1199 1126 1589 1208 spargereflores

208 1217 365 1293 Hic
402 1221 729 1316 copulam
744 1221 1004 1294 addidit
1022 1223 1525 1321 Interpolator‚
1623 1223 1761 1296 uod
1775 1225 1978 1322 igno·-

211 1318 437 1407 ravit‚
491 1319 820 1390 laetitiam
838 1370 863 1409 ,
934 1321 1243 1391 oratione
1307 1323 1568 1417 conjun
1641 1321 1810 1391 ionis
1826 1324 1980 1394 vin·

208 1410 379 1481 culo
415 1436 558 1485 non
587 1412 853 1486 astri6ta
883 1434 1044 1512 apte
1075 1417 1370 1512 exprimi
1407 1443 1425 1488 ε
1498 1415 1666 1487 illud
1701 1442 1979 1515 quoque

206 1508 277 1579 ei
312 1508 635 1608 copulam
669 1509 997 1585 inserendi
1049 1510 1308 1585 causam
1362 1512 1679 1611 praebuit
1710 1566 1736 1607 ‚
1787 1513 1978 1613 quod

204 1629 277 1676 re
327 1605 403 1677 in
438 1624 671 1700 potare
726 1610 795 1680 vi
844 1609 1132 1682 duarum
1183 1609 1705 1687 consonantium
1733 1611 1853 1712 sp
1900 1613 1976 1685 in

183 1701 497 1799 spargere
533 1703 826 1778 oroduci
861 1706 1120 1779 nesciit.

300 1797 480 1873 Item
517 1802 735 1899 Epist.
777 1803 836 1875 Ι.
870 1804 1042 1878 VII.
1077 1830 1142 1878 v.
1181 1825 1296 1904 5⁷3.

398 1914 726 1993 Accipiebat)
743 1913 863 1983 abi,
898 1937 1081 1994 quaere
1099 1917 1158 1974 ὃ(
1175 1919 1340 1988 refer:
1374 1915 1512 1974 unde
1535 1914 1683 1973 domo
1699 1958 1716 1985 ,
1752 1913 1845 1995 qui
1860 1957 1882 1987 ‚

199 2004 352 2076 Hic
389 2031 665 2106 quoque
693 2008 952 2103 duplex
998 2010 1141 2081 inte
1227 2009 1454 2081 olandi
1502 2008 1693 2083 causa
1706 2043 1735 2097 3
1789 2033 1965 2103 una,

198 2102 551 2199 ignoratio
611 2102 1049 2178 dimensionis
1110 2103 1182 2202 sy
1208 2102 1395 2175 labae
1441 2126 1510 2174 re
1558 2107 1633 2175 in
1696 2130 1928 2200 quaere
1947 2163 1974 2199 ,

199 2222 381 2296 quae
418 2201 671 2272 virtute
701 2197 1004 2272 caesurae
1034 2202 1444 2294 producitur
1459 2248 1486 2288 ‚
1506 2199 1739 2292 altera,
1767 2204 1972 2298 igno-

205 2294 393 2365 ratio
429 2294 689 2393 figurae
719 2298 795 2367 in
826 2319 960 2395 qua
990 2293 1347 2368 versamur.
1415 2292 1652 2385 Qare
1696 2296 1780 2375 [9⁹
1834 2296 1976 2366 tol-

204 2387 497 2464 lendum
559 2391 659 2463 est
692 2424 718 2479 3
788 2390 977 2491 quod
1024 2392 1098 2463 in
1162 2416 1306 2463 uno
1353 2408 1585 2462 vetere
1633 2389 1979 2464 Bersmani

213 2511 365 2558 non
400 2507 633 2561 extare
711 2487 897 2561 ostea
927 2486 1175 2561 didici:
1231 2488 1411 2562 hanc
1442 2487 1627 2558 enim
1656 2487 1978 2560 emenda-

208 2586 481 2663 tionem
513 2586 589 2660 &
692 2586 779 2657 'as
809 2608 1047 2659 omnes
1094 2584 1263 2660 haec
1313 2583 1541 2683 figura
1589 2584 1767 2657 mihi
1814 2581 1884 2655 su
1941 2598 1980 2641 -‘

247 2679 417 2755 effit.
514 2682 695 2758 Ibid.
728 2709 796 2755 v.
840 2705 955 2779 55.
1005 2683 1120 2773 It,
1169 2685 1383 2776 redit,
1434 2687 1515 2760 (ᾤ’
1546 2696 1804 2754 narrat.
1937 2700 1973 2757 t

244 2779 363 2850 uic
413 2778 576 2853 Ioco
631 2778 952 2853 dissoluta
999 2780 1220 2852 oratio
1271 2779 1621 2853 convenit.
1720 2779 1968 2876 Itaque

189 2892 460 2946 enarrat
508 2902 774 2976 repono
810 2903 826 2948 :
895 2876 1054 2976 quia
1097 2874 1386 2948 verbum
1419 2888 1685 2947 enarrat
1715 2926 1743 2965 ‚
1761 2874 1834 2949 id
1866 2873 1968 2947 est

195 2989 497 3044 accurate
528 2990 762 3046 narrat
775 2973 1148 3066 ‚Demetrii
1183 2973 1539 3074 ingenium
1571 2969 1832 3068 plenius
1847 2993 1969 3042 ex-

199 3067 412 3166 ponit
441 3094 645 3167 quam
683 3068 970 3167 simplex
1003 3083 1256 3141 narrat.

215 3196 224 3203 ·
297 3162 523 3237 Nunc
555 3165 639 3239 ad
669 3166 1178 3264 Polysyndeton
1210 3161 1707 3237 ttanseundum.
1730 3159 1964 3235 Carm.

206 3258 348 3331 IV.
381 3281 446 3356 5⁷.
478 3289 545 3334 v.
589 3283 699 3363 13.
733 3264 1034 3374 Votjsque
1066 3261 1494 3372 haec-figura
1536 3259 1671 3363 legi
1707 3261 1968 3357 praeci·-

253 3357 332 3426 it.
392 3350 606 3455 qu³ue
635 3382 1038 3434 tenerrimus
1069 3378 1300 3431 matris
1334 3356 1614 3432 affeetus
1648 3356 1969 3458 postulat.
2120 3378 2125 3381 ·

243 3471 393 3531 tem
432 3456 652 3531 Serm.
687 3456 749 3531 1.
790 3482 864 3532 2.
902 3483 1031 3534 vv.
1063 3463 1182 3549 65.
1220 3457 1342 3530 66.

821 3596 830 3602 -
1125 3552 1206 3625 K
1245 3578 1297 3648 4
1374 3589 1378 3593 <
1586 3590 1591 3595 ·
1823 3570 1974 3642 poe·

213 3662 220 3671 ο
