2743 4378
338 416 814 498 HORAT.
864 411 1550 494 BENTL.GA1².
1587 420 1727 498 XI.
1836 445 1984 526 155

411 534 636 619 :tinguet
662 541 1035 621 pavimentum
1050 541 1328 619 superbum

411 630 721 706 Pontificum
736 637 967 710 potiore
1011 635 1229 693 coenis.
1288 651 1293 655 ·

214 725 573 818 Superbum
603 725 866 818 primus
894 725 969 795 in
1015 741 1430 796 contextum
1476 745 1518 793 e
1563 723 1792 825 priscis
1840 727 1994 824 qui-
2044 779 2047 782 >

207 818 501 894 busdam
549 819 739 893 libris
788 816 1172 898 Lambinus
1223 821 1540 912 induxit,
1577 823 1777 895 &ita
1810 822 1984 920 legit

212 918 650 1019 PorphyriO.
700 915 1022 1014 Plerique
1033 914 1190 987 libri
1229 916 1488 988 habent
1504 918 1991 1016 superbo‚quod

221 1011 712 1111 Interpolator
763 1030 1201 1092 commentus
1250 1012 1349 1083 est
1364 1064 1391 1104 ‚
1459 1031 1540 1083 ut
1603 1018 2002 1090 conveniret

211 1134 391 1185 cum
423 1135 592 1182 mero
622 1161 650 1201 ,
701 1109 778 1182 ὅτ.
822 1110 908 1184 ad
956 1112 1145 1181 hunc
1193 1107 1432 1180 locum
1492 1128 1573 1182 tu
1606 1107 1703 1180 V.
1738 1110 1849 1180 Cl.
1903 1110 2000 1183 fic

215 1204 501 1279 scribis:
554 1230 743 1300 neque
774 1223 990 1280 tamen
1021 1206 1397 1276 damnamus
1429 1207 1745 1275 leitionem
1773 1211 1843 1276 in
1862 1211 2001 1298 ple·-

229 1302 454 1397 rtsque
488 1305 769 1373 omnibus
804 1304 986 1372 libris
1019 1317 1331 1393 receptam
1363 1324 1531 1372 mero
1554 1299 1832 1394 superbo.
1872 1303 2005 1373 At·

227 1399 366 1495 qui
398 1397 571 1469 haec
605 1396 830 1497 figura
862 1421 1011 1471 eam
1043 1396 1358 1468 damnat:
1418 1397 1523 1467 his
1566 1397 1753 1468 enim
1783 1396 2009 1470 verbis

225 1495 635 1587 Pontificum
671 1498 922 1588 potiore
967 1497 1166 1565 coenis
1230 1492 1525 1591 speciem
1572 1518 1702 1591 pro
1758 1516 2009 1592 genere

232 1591 580 1669 Horatius
597 1589 824 1689 posuit
841 1623 869 1679 3
907 1590 1046 1661 hoc
1062 1589 1162 1662 est
1179 1587 1641 1687 superbiffimo
1662 1615 1679 1660 ε
1700 1589 1774 1662 &
1794 1592 1910 1661 hic
1929 1610 2010 1664 tu

241 1708 487 1761 tecum
519 1712 829 1788 pugnare
857 1687 1105 1760 videris
1136 1739 1163 1779 ‚
1213 1713 1373 1759 nam
1422 1687 1591 1758 haec
1623 1685 1900 1783 adjici8‚
1920 1693 2005 1760 il-

240 1786 364 1865 lud
391 1790 590 1882 magis
621 1785 901 1881 displicet
920 1836 945 1877 ‚
995 1787 1164 1879 quod
1189 1836 1214 1877 ‚
1270 1809 1436 1856 cum
1485 1780 1776 1879 superbo
1808 1809 2006 1856 mero

239 1883 498 1976 dixiffiaet
512 1934 540 1973 ,
573 1883 805 1977 statim
832 1887 1112 1954 alterum
1142 1883 1458 1973 epitheton
1471 1879 1765 1970 subdidit
1781 1933 1808 1973 ,
1857 1906 2009 1953 ean-

236 1979 384 2050 dem
413 2002 549 2050 rem
580 1979 676 2049 bis
721 1982 1035 2051 inculcans
1063 1979 1454 2068 Pontificum
1490 1982 1731 2069 potiore
1790 1984 2012 2051 coenis.

240 2072 457 2166 Qae
489 2071 698 2144 verba
725 2071 1096 2144 leffionem
1124 2096 1289 2143 mero
1305 2072 1576 2164 steperbo
1594 2123 1622 2160 ,
1667 2098 1874 2167 quam
1930 2093 2012 2146 tu

244 2169 425 2249 dicis
456 2188 528 2241 te
560 2193 706 2239 non
735 2167 1095 2257 damnare,
1143 2169 1431 2239 omnino
1480 2165 1820 2239 damnant.
1917 2170 2014 2241 11-

245 2264 377 2347 lud
410 2263 453 2337 a
481 2285 556 2336 te
596 2264 955 2354 omissum,
1053 2262 1197 2333 uod
1241 2261 1540 2358 speeiem
1591 2261 1882 2358 aliquam
1910 2268 2016 2335 vi-

246 2361 462 2434 detur
489 2358 740 2433 habere
754 2412 780 2452 ‚
830 2382 961 2456 pro
991 2286 1259 2452 chnbo
1278 2409 1304 2449 ‚
1358 2357 1733 2452 superbum,
1781 2358 2017 2457 legen-

252 2459 429 2531 dum
461 2456 793 2552 superbis:
829 2479 1070 2528 verum
1104 2478 1357 2527 coenae
1401 2453 1828 2526 Pontificum
1881 2455 2021 2530 hoc

253 2553 696 2655 fignificant‚
746 2571 941 2625 erant
970 2553 1153 2624 enim
1184 2549 1734 2651 apparatiflimae.
1820 2554 2030 2655 ⁴Quod

252 2671 490 2725 autem
523 2652 849 2723 Dacerius
863 2701 888 2740 ,
907 2648 1000 2721 ais
1017 2701 1043 2742 ,
1058 2651 1399 2721 adnotavit
1416 2702 1441 2741 ,
1460 2651 1674 2720 eadem
1706 2658 2016 2722 termina-

254 2753 349 2821 tio
382 2753 571 2820 toties
606 2770 932 2820 recurrens
962 2745 1431 2843 pavimentum
1452 2743 1813 2843 superbum
1833 2749 2020 2819 Pon*-

255 2844 539 2918 tificum
556 2842 1280 2940 ingratiffimumsonum
1312 2842 2022 2936 efficit,qualemstudio-

238 2940 326 3037 ft
356 2946 580 3012 vitare
593 2942 762 3034 solet
795 2940 1035 3034 Noster
1065 2973 1090 3026 3
1140 2941 1305 3012 illud
1346 2939 1606 3032 fortaſje
1650 2936 1818 3010 vit'io
1877 2939 2021 3011 huic

261 3038 507 3109 mederi
544 3039 742 3132 potest
767 3041 833 3129 st
889 3041 1039 3109 olim
1084 3040 1341 3131 legerint
1387 3052 1506 3106 aut
1539 3038 2026 3126 pronuntiarint

262 3128 656 3226 superbom.
756 3135 942 3205 Certe
979 3133 1116 3226 post
1162 3130 1597 3227 consonantem
1641 3154 1688 3202 v
1734 3156 1854 3201 non
1902 3156 2024 3205 um

247 3227 382 3324 fid
404 3253 523 3299 om
547 3228 956 3322 proferebant
989 3243 1203 3301 aetate
1236 3229 1511 3322 Augusti
1525 3277 1551 3317 ‚
1600 3250 1868 3320 aevom,
1916 3228 2022 3300 di-

268 3349 441 3396 vom
458 3374 485 3415 ‚
533 3323 804 3397 calvom
828 3383 851 3415 ‚
899 3325 1039 3398 ὅτε.
1089 3340 1163 3395 ut
1194 3348 1334 3397 cum
1347 3350 1426 3396 ex
1459 3330 1866 3411 monumentis
1894 3327 2027 3419 ejus

263 3425 471 3512 aevi,
519 3435 659 3493 tum
689 3447 768 3493 ex
801 3424 1066 3517 vetustis
1107 3423 1378 3518 Virgilii
1412 3420 1495 3500 {9⁹
1543 3423 1815 3494 Horatii
1859 3425 2027 3494 codi-

269 3519 453 3598 cibus
478 3519 742 3615 constat.
837 3520 994 3615 Esto
1040 3523 1255 3614 itaque
1300 3516 1665 3618 superbom
1713 3524 1888 3615 quast
1922 3516 2030 3584 su-

1878 3630 2036 3704 Per*
