2743 4378
389 389 856 467 HORAT.
903 390 1345 468 BENTL.
1382 395 1577 473 CAP.
1617 394 1763 470 XI.
1881 423 2008 496 ¹4¹

256 513 581 587 mendum
618 535 759 585 non
805 531 946 586 erat
993 515 1595 613 accommodatus,
1643 518 1757 592 sed
1797 525 2022 622 gravis

250 609 326 683 δί
352 608 540 707 quafi
573 612 1007 706 interruptuS.

337 707 564 779 Nunc
602 707 759 801 quia
789 706 972 802 apud
993 707 1368 781 Horatium
1404 710 1625 808 plures
1658 712 2015 786 inveniun-

243 820 362 874 tur
388 799 653 893 versuS,
705 804 822 899 qui
855 800 1156 876 caesurae
1203 807 1417 902 gratia
1470 827 1742 899 carent,
1794 834 1881 880 ex
1935 811 2014 881 iis

254 896 631 986 adscribam
664 897 836 969 duos
917 898 989 970 ui
1022 923 1108 970 eo
1141 901 1317 973 vitio
1350 900 1667 975 videntur
1695 902 2017 977 laborare.

234 995 466 1069 Serm.
536 992 701 1069 Lib.
730 994 789 1065 Ι.
824 994 894 1067 V
946 1019 1058 1066 .v.
1091 1018 1211 1090 47.

383 1105 391 1112 '
439 1108 642 1167 Nunc,
680 1098 803 1176 quia
818 1098 935 1157 sum
956 1099 1095 1167 tibi,
1141 1108 1447 1168 Maecenas,
1480 1102 1736 1162 conviffior
1759 1122 1847 1174 3aet
1860 1107 2007 1176 oiim,

242 1188 403 1262 Hic
453 1185 677 1260 versus
711 1188 784 1259 in
818 1212 960 1259 uno
994 1186 1137 1259 solo
1203 1189 1446 1264 codice
1492 1217 1713 1290 eoque
1758 1203 2012 1280 recenti

256 1283 361 1357 fic
400 1283 695 1380 legitur:
928 1351 931 1355 Α
993 1321 1018 1358 ε
1830 1323 1834 1330 ·

217 1451 226 1460 ,
444 1404 638 1462 Nunc,
656 1391 815 1471 quia,
873 1397 1184 1455 Maecenas
1202 1433 1221 1465 ‚
1258 1398 1355 1457 tibi
1373 1396 1471 1456 fim
1492 1402 1750 1461 conviola-
1763 1406 2015 1476 3uoiim,

247 1483 385 1557 Tu
413 1509 580 1557 vero
611 1485 899 1557 aliorum
931 1489 1426 1586 exemplarium
1459 1492 1824 1572 leffione-rn
1835 1501 2020 1575 1·ch

244 1583 325 1654 in
363 1599 775 1653 contextum
805 1606 961 1655 rece
1011 1584 1158 1655 isti.-
1210 1585 1322 1658 sed
1360 1587 1553 1682 casu,
1606 1595 2014 1670 namficon-

245 1676 404 1749 filio
430 1677 513 1768 ,δε
545 1678 809 1751 ratione
840 1678 910 1751 id
1019 1681 1247 1773 ciffes5
1299 1699 1446 1756 non
1461 1687 1808 1764 addidisses
1829 1720 1846 1765 :
1867 1699 2016 1767 Nos

223 1773 579 1869 fastidiofis
617 1778 880 1848 auribus
913 1782 1136 1850 valere
1186 1779 1336 1871 ‘uffls
1370 1831 1399 1871 ‚
1445 1784 1583 1880 ipsa
1592 1791 2012 1881 stmplicitate

235 1875 680 1965 compositionis
712 1877 1021 1966 capimur.
1115 1803 1361 1967 Qud?
1407 1900 1601 1975 putas
1632 1885 2012 1961 Horatium

235 1965 505 2039 caesura
540 1967 850 2066 neglesta
870 2026 892 2057 ‚
940 1990 1262 2043 numeros
1315 1975 1507 2047 valde
1556 1980 2009 2056 inconcinnos

231 2061 355 2133 lon
411 2087 449 2134 e
486 2063 1067 2155 concinnioribus',
1086 2090 1260 2161 quos
1276 2070 1483 2139 etiam
1498 2072 1626 2143 alia
1642 2077 2009 2153 verborum
2098 2105 2101 2108 ’

230 2157 356 2230 col
379 2160 613 2230 ocatio
630 2156 759 2255 ipfi
778 2156 1150 2251 offerebat,
1165 2159 1323 2233 ideo
1349 2165 1629 2239 voluiffe
1644 2173 2005 2268 praeferre,

233 2252 435 2350 quod
468 2253 858 2348 {implicitas
876 2255 1394 2350 compofitionis
1409 2260 1572 2333 esset
1587 2288 1686 2334 res
1704 2266 2006 2357 laudabi-

232 2346 370 2420 lis?
394 2346 592 2438 Qid
611 2350 647 2418 ,Ρ
710 2372 956 2421 eumne
973 2401 999 2441 ,
1018 2352 1137 2446 qui
1170 2351 1415 2425 malam
1438 2360 2016 2454 compositionem

236 2443 515 2517 Lucilii
546 2443 991 2519 vehementer
1029 2446 1524 2545 perstrinxerit.
1595 2456 1814 2532 Serm.
1846 2459 2007 2534 Lib.

233 2540 299 2613 Ι.
336 2539 438 2615 X.
472 2565 602 2613 vv.
641 2567 707 2613 ι.
743 2563 812 2612 2.
851 2561 920 2640 3.

440 2660 636 2729 Nempe
649 2648 918 2728 incompofi'
914 2665 966 2708 to
978 2653 1094 2712 dixi
1104 2655 1226 2731 pede
1241 2676 1438 2716 currere
1451 2659 1628 2737 νει-βυ

432 2741 625 2804 Lucili.
654 2741 769 2821 quis
782 2759 906 2804 tam,
915 2744 1085 2803 Lucili
1081 2748 1270 2819 fautor
1283 2748 1444 2827 inepto
1457 2755 1529 2828 est
1547 2790 1565 2820 ,

429 2840 500 2890 bt
520 2855 623 2893 non
637 2833 974 2908 hocfateatur
986 2850 1012 2896 t

227 2944 529 3012 eumne,
579 2922 857 3019 inquam
889 2972 914 3010 ‚
1012 2929 1083 2999 ui
1133 2930 1229 3002 ita
1271 2928 1397 3003 scri
1448 2929 1605 3006 serit
1638 2988 1663 3028 ,
1715 2939 1809 3011 ob
1858 2960 2001 3017 tam

147 3018 155 3023 ’
223 3016 456 3089 levem
491 3015 793 3109 causam,
846 3043 980 3128 qua
1010 3023 1060 3098 ‘s
1091 3025 1190 3097 est
1242 3026 1381 3100 stru
1456 3053 1616 3103 urae
1672 3031 2001 3132 simplici-

155 3113 165 3119 ”
229 3129 339 3182 tas
371 3161 399 3201 ‚
471 3110 731 3183 Lucilii
761 3114 1012 3190 vitium
1064 3145 1206 3193 non
1255 3125 1470 3196 vitare
1517 3126 1807 3202 decuit?
1859 3134 1995 3208 Sed

231 3206 622 3280 Horatium
659 3209 796 3281 hoc
828 3214 1116 3299 crimine
1148 3215 1489 3293 absolvere
1538 3246 1682 3295 non
1725 3226 1828 3300 est
1843 3255 1998 3327 per·

229 3299 552 3374 arduum.
636 3303 1104 3403 Conqueritur
1155 3312 1272 3386 hic
1325 3316 1595 3392 Noster
1622 3319 1713 3395 de
1747 3325 1995 3400 invidis

230 3416 310 3471 at
360 3423 448 3471 ue
465 3398 1185 3508 obtre&atoribu3‚qui
1220 3412 1293 3483 in
1324 3417 1517 3487 omni
1557 3416 1717 3491 loco
1732 3423 1999 3518 praedi-

368 3513 492 3575 ant
528 3493 748 3597 ipsum
779 3524 924 3583 non
970 3502 1189 3583 solum
1247 3509 1673 3590 tribunatum
1721 3518 1896 3684 casuf
1923 3519 1999 3588 &

1888 3633 1998 3683 or-
