2743 4378
345 375 814 472 HORA'R
865 379 1807 468 BENTLCARXVII.
1862 394 2019 482 ‘325

163 490 423 594 Nejm,
475 521 650 598 quae
680 501 895 576 modo
929 503 1237 602 adduxi,
1288 535 1326 582 a
1376 509 1697 587 ertiffime
1725 512 2018 585 demon·

215 590 454 667 strant.
554 595 654 668 Et
690 618 770 670 ut
803 627 839 672 a
892 622 1166 700 pareat,
1217 627 1288 678 te
1370 633 1462 681 oc
1493 609 1657 682 loco
1686 609 1862 688 nihil
1901 606 2009 678 di·

208 690 427 783 xiss‘e,
483 692 674 789 quod
708 694 791 767 ab
821 626 942 771 iflo
994 702 1182 798 prius
1234 702 1496 778 diaum
1554 731 1700 780 non
1754 703 2005 795 fuerit,

202 787 425 859 verba
459 807 580 861 tua
615 812 894 887 ponam.

298 886 454 967 Hoc
483 936 508 975 ‚
558 886 784 986 inquis
812 942 838 981 ‚
888 894 1047 964 dicit
1091 898 1393 968 larvatus
1425 900 1743 970 Horatius
1777 949 1802 988 ‚
1852 900 1996 969 He-

198 979 406 1051 brum
448 1005 629 1079 equo
663 1043 685 1075 ,
739 1010 982 1084 pugno
1013 1040 1038 1080 ‚
1091 991 1267 1083 pede
1295 1043 1321 1084 ‚
1367 999 1517 1086 five
1559 996 1999 1088 campestribus

187 1082 562 1169 exercitiis,
613 1082 951 1156 invfflmm
995 1087 1124 1158 esse
1140 1141 1167 1180 ,

400 1196 567 1246 Simul
592 1192 769 1245 utubios
800 1191 1048 1250 Tiberinis
1077 1194 1314 1255 humeros
1341 1194 1482 1255 lavit
1507 1199 1566 1254 ‘m
1600 1196 1790 1261 undis:

191 1284 279 1352 id
300 1283 390 1376 est
422 1335 449 1374 ,
497 1278 935 1380 posteaquam
971 1284 1161 1358 lavit.
1257 1293 1474 1383 Atqui
1517 1289 1631 1361 hoc
1669 1293 1866 1382 plane
1905 1291 1993 1382 est

190 1392 302 1451 ἄνω
337 1389 604 1464 nawa..
668 1381 861 1450 Nam
880 1387 1165 1474 primum
1198 1386 1565 1463 exercebant
1586 1386 1659 1486 se
1687 1392 1759 1458 in
1791 1389 1987 1458 Cam—

171 1491 270 1562 po
304 1473 573 1544 Martio
594 1532 616 1566 ‚
646 1475 928 1570 ‘ffi‘tum
961 1480 1175 1572 postea
1206 1484 1276 1551 in
1310 1479 1530 1553 Tiberi
1561 1485 1985 1555 lavabantur.

71 1579 75 1585 ’
189 1568 376 1640 Hoc
410 1569 431 1638 i
661 1570 749 1642 de
781 1578 1357 1650 exercitationum
1394 1579 1874 1676 campestrium
1910 1580 1987 1654 Sc

188 1667 461 1737 natatio
538 1691 567 1738 s
618 1669 860 1741 ordine
918 1672 991 1742 in
1051 1673 1270 1745 Notis
1315 1674 1529 1747 habet
1574 1676 1694 1748 Cl.
1746 1678 1980 1749 Dace-

180 1762 330 1833 rius
348 1794 376 1850 3
430 1764 508 1839 δὲ
537 1763 707 1837 illud
740 1766 961 1840 verbis
998 1769 1362 1842 Torrentii
1420 1769 1797 1870 significari
1830 1772 1975 1846 val·

180 1856 275 1929 de
306 1883 475 1933 vero
532 1860 748 1933 fimile
790 1863 942 1935 est:
1012 1885 1084 1937 te
1131 1867 1227 1939 ita
1275 1892 1366 1939 ue
1395 1919 1420 1959 ‚
1473 1869 1590 1965 qui
1640 1920 1666 1961 ,
1716 1869 1769 1944 fi
1821 1871 1975 1970 quis

180 1955 362 2026 alius
392 2006 417 2045 ‚
467 1958 522 2025 is
554 1979 628 2027 es
661 2007 687 2046 ‚
750 1957 839 2026 ad
877 1983 1091 2054 quern
1135 1986 1256 2032 ver
1306 1988 1348 2032 a
1391 1967 1755 2036 Torrentii
1792 2016 1816 2054 ,
1850 1970 1980 2060 fid

178 2055 346 2146 quia
382 2055 578 2122 aliter
606 2049 917 2129 sententia
955 2078 1077 2125 non
1108 2057 1345 2149 constat
1364 2080 1391 2124 .·
1440 2060 1604 2149 quod
1631 2062 1973 2153 ingeniofics

177 2150 423 2219 Leaor
450 2145 655 2241 facile
693 2151 997 2241 percipiet
1037 2208 1060 2242 ,
1131 2148 1558 2250 potissimum
1628 2156 1970 2247 pertinere

176 2241 518 2316 censenda
544 2241 700 2314 sunt
740 2257 784 2337 ,'
831 2244 1083 2320 horum
1116 2248 1491 2332 verborum
1523 2246 1783 2321 sensum
1818 2276 1962 2330 non

174 2340 563 2438 percepifl‘e
592 2341 741 2437 quis
770 2340 976 2416 facile*
1001 2344 1235 2420 credet
1254 2348 1292 2419 ,7
1817 2385 1823 2391 ·

279 2434 560 2509 Deinde
576 2487 601 2529 ‚
623 2441 887 2532 'quanto
913 2444 1114 2537 igitur
1144 2446 1368 2516 melius
1383 2494 1409 2535 ‚
1458 2444 1683 2544 inquis
1697 2496 1724 2537 ‚
1774 2470 1967 2520 verus

172 2534 502 2607 Horatius
515 2585 541 2626 ‚
592 2547 702 2629 qui
734 2538 1066 2611 Neobulen
1084 2541 1440 2636 perculsam
1469 2544 1584 2636 effe
1611 2545 1771 2615 dicit
1803 2545 1960 2618 He·-

170 2628 282 2703 bri
315 2633 543 2704 nitore
556 2681 582 2722 ‚
614 2638 825 2725 simul
862 2659 940 2707 ac
979 2639 1088 2709 ille
1115 2643 1502 2733 equitatione
1532 2691 1558 2732 ‚
1610 2644 1914 2736 pugilatu
1928 2696 1958 2736 ‚
1992 2683 1995 2686 ·

172 2727 259 2806 &²
293 2729 478 2820 cursu
508 2730 700 2832 lcffts
733 2734 804 2801 in
836 2730 1051 2804 Tiberi
1056 2734 1134 2828 se
1172 2738 1385 2808 abluit
1415 2736 1498 2815 ἐξ
1532 2740 1676 2808 inde
1703 2740 1957 2816 domum

171 2826 421 2896 rediens
433 2824 509 2920 se
540 2828 626 2897 ab
652 2832 951 2900 exercitio
981 2832 1302 2903 rubentem
1334 2831 1419 2912 &³
1452 2832 1693 2927 roseum
1717 2839 1954 2925 puellis

170 2918 508 3013 visendum
527 2926 852 3016 praebuit.
903 2926 1138 3028 ,Quare
1169 2929 1285 2998 au't
1316 2930 1512 3000 valde
1526 2927 1742 3023 fallor
1755 2981 1782 3022 ‚
1831 2949 1953 3004 aut

161 3022 472 3110 genuinus
499 3022 746 3092 demum
776 3023 1078 3112 versuum
1112 3025 1261 3096 ordo
1276 3076 1301 3115 ‚
1350 3049 1531 3119 quem
1561 3029 1716 3098 libri
1747 3051 1953 3101 omnes

170 3136 295 3186 uno
332 3115 618 3210 consensu
647 3130 912 3190 tuentur
941 3169 968 3211 ‚
1015 3120 1359 3193 editoribus
1393 3124 1608 3194 Flacci
1639 3127 1709 3195 in
1742 3124 1948 3219 poste-

171 3233 320 3288 rum
351 3214 650 3304 placebit.
730 3214 890 3306 Jam
940 3215 1290 3313 patefitfihz·
1326 3216 1427 3289 est
1474 3216 1667 3291 causa
1697 3270 1723 3311 ‚
1774 3246 1946 3323 quae

168 3322 247 3377 te
279 3356 305 3397 ‚
352 3325 436 3380 ut
486 3308 764 3386 Notam
812 3312 1489 3392 Torrentii.s1lentio
1554 3320 1947 3413 praeterires

168 3403 270 3474 im
321 3403 474 3489 ulit.
569 3406 767 3480 Nam
803 3406 855 3481 fi
886 3409 1093 3483 verba
1122 3414 1267 3510 ejus
1293 3409 1777 3514 'adscripfiffes,
1828 3417 1944 3492 illa

149 3428 377 3576 verzei
390 3534 419 3592 ς
444 3503 677 3610 Quare
705 3521 830 3582 aut.
843 3508 1045 3582 valde
1059 3503 1272 3679 ζῖἰίαν
1281 3561 1322 3606 ,
1350 3509 1626 3610 &quae
1653 3510 1946 3616 sequun-

203 3663 216 3678 ,
257 3649 262 3654 ,
521 3611 527 3616 ·
1193 3626 1230 3706 3
1810 3626 1953 3699 tur,
