2743 4378
147 756 1955 1025 ANIMQADVERsloNEs

969 1095 1148 1172 IN

254 1273 1034 1387 HORAT.
1169 1268 1880 1381 BENTL.

646 1440 1517 1672 CAPUT-¹·-

660 1752 791 1840 :De
810 1755 1147 1842 ,Munere
1193 1753 1487 1842 Critici.
1594 1784 1600 1790 ·

710 1996 942 2053 motus
985 1980 1198 2055 animi
1241 1978 1494 2053 celeres
1524 2029 1553 2071 ,
1616 1975 1969 2053 divinandi

681 2079 905 2172 gacitas
921 2128 948 2168 ‚
960 2079 1334 2152 memoriae
1353 2076 1641 2148 firmitas
1659 2127 1685 2169 ,
1701 2099 1783 2149 ac
1797 2073 1972 2147 doc·-

681 2198 761 2246 na
789 2174 1158 2274 multiplex
1207 2173 1295 2248 ad
1324 2174 1643 2272 antiquos
1668 2171 1977 2247 Codices

681 2270 1060 2344 naculandos
1090 2272 1473 2369 plurimum
1516 2268 1827 2342 adferant
1852 2267 1977 2340 ad-

165 2361 498 2466 jumenti
514 2412 537 2445 ,
560 2380 797 2431 tamen
811 2414 840 2451 ,
864 2364 994 2434 nisi
1021 2369 1101 2434 iis
1133 2366 1331 2435 donis
1346 2415 1377 2450 ‚
1408 2362 1987 2449 observationum,

176 2484 223 2534 o
275 2453 537 2555 quibus
588 2455 730 2526 Ars
779 2454 1185 2527 emendandi
1237 2453 1614 2527 conficitur
1639 2505 1667 2546 ,
1717 2452 1985 2529 accedit

179 2553 509 2654 cognitio
529 2602 554 2644 ‚
576 2548 952 2650 iisdemque
980 2553 1055 2624 in
1083 2550 1248 2624 loco
1283 2549 1523 2623 utendi
1540 2548 1841 2644 scientia,
1858 2553 1979 2652 qui

183 2674 426 2725 curam
454 2648 544 2721 ad
575 2647 756 2721 hanc
786 2672 934 2721 rem
969 2646 1281 2722 conferet
1301 2702 1322 2736 ,
1357 2648 1414 2720 is
1448 2646 1525 2722 δε
1546 2649 1765 2722 multa
1779 2674 1984 2725 -men-

187 2747 274 2821 da
318 2745 672 2842 relinquet
702 2742 954 2818 intacta
970 2798 996 2838 ,
1048 2745 1124 2821 Sc
1159 2745 1382 2818 multa
1396 2800 1418 2835 ,
1518 2746 1659 2817 uod
1691 2746 1987 2821 deterius

181 2843 283 2916 est
317 2895 342 2937 ,
411 2843 739 2940 imperite
788 2844 1112 2941 corriget.
1211 2844 1451 2938 Atque
1552 2866 1639 2914 oc
1691 2841 1980 2940 quidem

185 2940 643 3012 BENTm-:ms
661 2993 681 3025 ,
694 2938 833 3011 Vir
859 2940 1094 3037 magni
1131 2939 1431 3011 nominis
1448 2990 1473 3029 ‚
1492 2939 1566 3010 in
1584 2940 1805 3011 Notis
1822 2962 1987 3035 quas

193 3039 271 3107 in
300 3036 763 3109 HonArmM
793 3033 1191 3134 conseri-pfit
1211 3033 1676 3128 ,verissimum
1705 3033 1839 3106 effe
1872 3034 1990 3108 de·

195 3132 630 3204 monstravit.
764 3184 776 3199 ,

306 3227 375 3297 Is
401 3229 598 3300 enim
617 3279 645 3321 ‚
665 3231 976 3325 quamvis
1008 3226 1193 3301 hisce
1224 3256 1264 3303 a
1345 3227 1593 3303 ueritia
1625 3225 1857 3303 studiis
1873 3228 1996 3307 de·
2066 3286 2087 3303 κ

208 3319 399 3393 ditus
416 3375 468 3413 ‚.
541 3326 804 3398 uamvis
835 3326 1221 3399 eruditione
1255 3354 1301 3426 p
1332 3328 1551 3401 urima
1580 3344 1738 3400 tum
1774 3328 1997 3402 Grae-

211 3441 299 3489 ca
330 3436 490 3489 tum
595 3423 777 3495 atina
804 3422 1211 3535 instrud‘i‘cuq³
1256 3426 1565 3524 quamvis
1594 3447 1849 3522 magno
1877 3447 2004 3498 ve·

212 3532 447 3592 terum
484 3539 785 3617 quoque.
808 3520 1306 3621 exemplarium
1351 3545 1643 3605 numero
1690 3519 2003 3685 adjffitutsb

1715 3668 1718 3671 ⁴
1867 3634 1912 3682 o
1945 3633 2015 3688 as
