2743 4378
241 352 247 359 ’
340 403 1774 496 HORAT.BENTL.CA1›.XVI.
1871 429 2007 509 30⁹

226 530 475 608 &th
515 552 694 625 521.

410 648 562 697 Inter
590 640 738 700 sacra
771 640 965 704 Defim
987 682 1006 712 ,
1039 640 1377 719 maternique
1403 631 1541 719 aigin
1576 645 1782 713 Bacchi,

219 728 467 801 Verum
508 727 621 799 hoc
649 734 935 803 ornatius
976 735 1200 821 paullo
1254 729 1339 820 est
1383 730 1464 809 ὅθ
1499 735 1700 803 altius
1732 734 2004 826 affiergit

213 847 413 919 quam
432 844 557 916 pro
589 825 957 897 humilitate
994 827 1257 897 Siatirae
1299 826 1732 901 Horatianae.
1800 831 2001 931 Qa-

211 945 288 992 re
331 923 624 1011 plurium
676 922 1203 1017 vetustiorumque
1254 927 1700 1013 aufloritatem
1746 926 1850 999 hic
1894 923 1996 1016 [ἑ-

256 1039 503 1090 uemur.

210 1043 256 1177 ,ς
314 1111 521 1185 Haec
565 1112 923 1188 adnotatio
979 1114 1212 1188 multis
1260 1113 1606 1190 erroribus
1649 1112 1997 1212 conspersa

210 1204 338 1290 est.
433 1208 517 1281 N
519 1234 629 1282 am
660 1212 889 1308 primo
920 1208 1032 1283 sex
1070 1212 1249 1285 Edd.
1294 1210 1725 1286 Ascensranae
1757 1213 1830 1283 &
1868 1213 2025 1287 Pa-.

207 1301 501 1408 rifienfis
579 1328 791 1406 1543,
878 1308 1045 1381 item
1101 1309 1418 1383 Venetae
1490 1333 1707 1411 1514,
1787 1335 1812 1381 1
1834 1315 1998 1405 [¹6³

217 1420 432 1496 1520.
465 1402 540 1476 δι’.
573 1402 873 1491 Fabricii
923 1403 1127 1503 1578.
1163 1406 1642 1501 habentsacra
1681 1406 1992 1496 Divdm‚

207 1495 404 1590 quod
468 1516 546 1575 tu
597 1499 673 1572 in
741 1499 1194 1579 vetustiffimis
1263 1503 1430 1581 solis
1493 1524 1725 1579 extare
1826 1520 1996 1573 utaS.

204 1591 490 1665 Deinde
517 1595 760 1668 foedus
791 1622 981 1670 error
1027 1599 1145 1672 est·
1172 1602 1247 1672 in
1298 1627 1385 1674 eo
1434 1600 1627 1697 quod
1676 1598 1758 1671 ad
1820 1621 1999 1669 rmas

198 1686 632 1790 sacrilegium
667 1696 931 1773 crimen
949 1697 1403 1793 turpissimum
1445 1697 1710 1768 lenibus
1745 1717 1994 1767 nume-

199 1786 296 1858 ris
328 1790 624 1886 exprimi
657 1790 906 1862 debere
948 1825 975 1879 3
1049 1796 1316 1866 numeri
1357 1796 1543 1866 enim
1579 1792 1793 1890 asperi
1834 1790 1990 1890 qui-

201 1906 339 1980 que
373 1909 564 1957 aures
599 1887 847 1959 radunt
898 1912 980 1960 ac
1013 1889 1375 1963 verberant
1431 1888 1519 1962 ad
1567 1888 1739 1962 illud
1772 1886 1990 1964 scelus

194 1980 846 2072 repraesentandum·
884 1985 1183 2054 maxime
1234 1985 1390 2056 sunt
1443 1985 1981 2057 accommodati.

198 2073 494 2145 Tertius
524 2097 718 2147 error
748 2074 851 2147 est
883 2075 958 2145 in
1003 2098 1087 2147 eo
1119 2127 1145 2167 ,
1197 2078 1388 2171 quod
1420 2076 1686 2154 scribis:
1744 2081 1841 2155 Et
1874 2086 1985 2173 qui
2024 2086 2027 2089 ’

181 2167 385 2244 sacra
420 2166 668 2243 Defim
713 2168 1087 2244 nocturnus
1120 2175 1339 2266 legerit
1356 2227 1383 2264 ‚
1435 2176 1636 2246 altius
1670 2175 1987 2269 afficrgere

197 2291 411 2365 quam
444 2290 577 2365 pro
608 2270 978 2341 humilitate
1012 2269 1276 2348 Satirae
1305 2273 1722 2354 Horatianae
1810 2271 1989 2345 nihil-

194 2366 389 2438 enim
425 2366 531 2438 his
577 2362 801 2438 verbis
837 2364 1040 2457 ficara
1073 2366 1295 2441 Datim
1330 2418 1356 2459 ,
1409 2364 1604 2463 quod
1635 2363 1987 2439 humilitas

189 2461 462 2536 Satirae
496 2459 761 2560 respuat
796 2512 820 2552 ,
874 2461 1319 2548 continetur:
1374 2462 1584 2561 idque
1622 2463 1720 2535 ita
1764 2464 1985 2534 mani-

193 2556 452 2632 festum
484 2557 584 2631 est
601 2610 627 2651 ‚
682 2563 763 2632 ut
795 2556 1174 2634 rationibus
1207 2558 1473 2632 ostendi
1510 2585 1664 2638 non.
1685 2555 1930 2632 debeat
1960 2584 1983 2632 t

197 2653 497 2753 denique
531 2654 705 2729 haec
741 2653 950 2730 verba
961 2656 1166 2746 sacra
1195 2658 1421 2729 Dedm
1454 2657 1803 2731 ornatiora
1834 2679 1982 2730 non

191 2750 349 2826 sunt
381 2752 558 2841 illis,
611 2754 834 2830 Serm.
866 2750 1032 2828 Lib,
1068 2753 1164 2824 ΙΙ.
1201 2755 1306 2840 11,
1333 2780 1401 2834 v.
1439 2776 1607 2858 304.

386 2860 593 2938 Templa
628 2874 795 2930 ruunt
822 2860 1048 2940 amiqua
1069 2860 1287 2941 Deam}

195 2952 552 3047 Qartum
588 2970 958 3050 peccatum
987 2969 1179 3044 tuam
1229 2951 1310 3031 in*
1362 2953 1666 3025 numeris
1696 2949 1977 3050 dignos-

199 3049 434 3125 cendis
464 3049 888 3134 inscientiam
921 3047 1290 3144 coarguit3
1333 3072 1496 3119 nam
1530 3049 1700 3121 haec
1739 3049 1980 3147 Scrip-

200 3166 352 3221 tura
407 3146 678 3220 Divanz
712 3146 911 3238 stccra
962 3165 1253 3258 propter
1314 3140 1618 3237 caesurae
1770 3145 1978 3230 atiam

199 3241 642 3343 praeferenda
674 3241 774 3314 est
804 3241 998 3315 alten
1027 3238 1397 3339 scripturae
1426 3240 1631 3336 sacra
1741 3242 1925 3320 ivtim
1941 3272 1973 3331 ς

200 3338 511 3414 caesurae
547 3340 732 3413 enim
755 3336 1215 3433 venustatem,
1234 3334 1363 3411 nifi
1397 3360 1559 3429 cum
1575 3338 1811 3444 potior
1840 3349 1974 3416 nu·-

205 3460 561 3513 merorum
598 3436 775 3509 ratio
808 3460 959 3509 eam
1005 3431 1317 3509 excludit
1351 3483 1379 3526 ‚
1431 3436 1682 3533 optimi
1717 3437 1977 3533 quique

147 3591 152 3607 ,
197 3534 464 3629 Poetae
497 3530 788 3616 studiose
815 3530 1212 3705 sectarim&
1243 3530 1362 3614 hic
1395 3550 1633 3622 autem
1659 3531 1845 3612 nulla
1876 3528 1980 3694 {est

1269 3649 1306 3725 3
1353 3696 1360 3701 ,
1776 3641 1879 3698 rat
1906 3645 1993 3720 ολ
