2743 4378
786 331 942 409 128.
1129 323 1999 405 ANIMADVERS.
2081 327 2222 401 IN

1151 538 1230 621 C
1290 539 1360 619 A
1423 534 1489 618 P
1550 534 1635 619 U
1696 536 1782 620 T
1927 538 2016 622 X
2073 537 2135 619 I.

771 757 1092 870 thuras
1176 765 1572 847 Orationis
1623 736 2018 874 opportune
2076 757 2556 849 animadver-
2632 741 2637 745 ’

851 875 991 985 sits
1008 893 1173 957 tum
1208 875 1311 959 ad
1325 874 1560 988 sanas
1578 874 1908 960 lebitones
1930 875 2437 973 tuendas,tum
2457 876 2561 961 ad

851 987 1249 1094 sanandas
1282 989 1594 1100 vitiqsas
1629 989 1834 1072 haud
1878 1009 2158 1101 parum
2184 986 2553 1104 prqficere,

1147 1163 1521 1249 Bentleius
1543 1162 1796 1276 paffim
1828 1179 2149 1247 notatus.

954 1331 1085 1411 ‘rfi
1118 1338 1423 1438 figurae,
1472 1362 1634 1436 quas
1676 1338 2024 1411 Rhetores
2053 1333 2165 1409 As
2195 1331 2453 1411 ndeton
2480 1338 2553 1414 δε

1001 1435 1505 1535 Polysendeton
1535 1434 1920 1532 appellant,
1969 1432 2098 1506 tibi
2231 1489 2247 1507 .
2282 1433 2396 1506 Cl.
2432 1460 2554 1507 co-

776 1538 1013 1630 gnitae
1052 1533 1374 1624 fuerunt,
1425 1533 1503 1602 iis
1537 1550 1767 1604 tamen
1802 1530 1887 1602 ad
1923 1555 2111 1603 veras
2146 1556 2185 1603 a
2216 1529 2391 1602 falfis
2412 1530 2551 1605 lec-

776 1629 1082 1701 tionibus
1122 1626 1665 1700 internoscendas
1695 1624 1832 1698 nus
1863 1652 2019 1699 uam
2044 1686 2067 1720 ‚
2116 1625 2169 1697 fi
2199 1624 2377 1700 bene
2407 1652 2555 1702 me-

775 1727 991 1814 mini,
1044 1722 1197 1795 usus
1229 1747 1317 1794 es.
1418 1722 1611 1816 Quas
1644 1746 1786 1814 non
1844 1722 2216 1820 pernendas
2248 1722 2334 1794 ad
2362 1744 2554 1799 vete-

779 1838 884 1893 res
936 1818 1144 1892 libros
1189 1817 1645 1892 emendandos
1691 1817 1941 1891 habere
1994 1819 2322 1894 utilitates
2353 1820 2509 1895 loca
2525 1874 2552 1916 ,

736 1984 744 1993 .
775 1941 947 2015 quae
978 1940 1205 1988 earum
1242 1913 1712 1988 admonitione
1741 1913 1998 2004 sanavi,
2046 1916 2196 1989 satis
2226 1914 2556 2017 superque

773 2013 1141 2086 declarant.
1237 2014 1510 2085 Harum
1548 2012 1777 2112 prior,
1826 2033 1909 2085 ut
1958 2037 2197 2085 omnes
2247 2034 2502 2087 norunt
2524 2066 2551 2108 ,

777 2110 867 2185 fit
932 2109 1373 2209 ademptione
1449 2109 2019 2211 conjunctionum
2051 2144 2078 2198 3
2160 2108 2497 2209 posterior
2525 2104 2561 2205 ,*

775 2228 1007 2289 autem
1052 2207 1621 2308 conjunctionum
1683 2205 2084 2306 adjectione.
2182 2208 2280 2280 Et
2328 2212 2556 2283 omni-

779 2332 877 2391 no
924 2305 1599 2387 animadvertendum
1629 2358 1656 2400 ,
1721 2328 1953 2376 earum
2015 2303 2209 2377 usum
2254 2304 2554 2405 adjuvari

781 2403 1252 2479 observatione
1282 2403 1562 2494 critica,
1613 2426 1792 2501 quae,
1817 2400 2025 2473 docet
2055 2398 2330 2474 inscitos
2369 2403 2553 2475 Cor-

777 2499 1072 2572 re&ores
1090 2550 1114 2589 ,
1167 2499 1285 2573 ubi
1322 2498 1675 2572 vinculum
1709 2498 1926 2570 deeffe
1958 2496 2288 2596 putabant
2307 2556 2331 2590 ‚
2363 2500 2554 2572 addi-

778 2595 982 2686 disse,
1035 2593 1153 2664 ubi
1188 2620 1354 2666 vero
1386 2593 1752 2693 superesse,
1805 2593 2179 2667 detraxiss‘e.
2276 2594 2556 2669 Utrius-

778 2716 913 2792 que
942 2709 1170 2763 autem
1205 2689 1468 2789 figurae
1496 2689 1679 2762 idem
1712 2689 1865 2762 fons
1879 2691 2019 2784 est,
2068 2711 2355 2789 utraque
2369 2695 2556 2766 enirn

779 2791 1037 2863 acriora
1070 2786 1237 2859 facit
1288 2789 1364 2861 &
1416 2786 1812 2859 instantiora
1860 2813 2031 2886 quae
2073 2788 2386 2860 dicimus.
2490 2793 2557 2864 A

778 2887 993 2987 priori
1033 2883 1257 2984 figura
1289 2885 1657 2984 incipiam,
1705 2909 1918 2981 eaque
1950 2884 2036 2957 ad
2066 2885 2318 2959 celeres
2348 2888 2559 2960 animi

779 2995 1054 3076 motuS,
1103 2982 1296 3055 velut
1326 2983 1490 3055 iram
1516 3041 1541 3075 ,
1588 2979 2176 3081 indignationem,
2225 2981 2557 3082 objurga-

781 3081 1089 3172 tionem,
1139 3078 1474 3151 laetitiam
1509 3131 1535 3172 ,
1586 3077 1996 3152 hilaritatem
2035 3130 2061 3171 ,
2113 3079 2189 3152 &
2222 3097 2305 3152 ut
2343 3080 2564 3154 verbo

781 3175 1007 3247 dicam
1027 3227 1052 3267 ,
1102 3174 1186 3247 ad
1240 3176 1474 3249 omnia
1518 3197 1690 3275 quae
1746 3176 2058 3247 celeriter
2109 3175 2291 3248 fiunt
2330 3180 2563 3276 expri-

778 3271 1028 3341 menda
1053 3273 1364 3367 inprimis
1381 3270 1900 3347 accommodata
1929 3272 2028 3344 est
2043 3274 2163 3363 ,δε
2185 3275 2257 3344 in
2286 3273 2393 3346 his
2410 3277 2567 3373 qui-

777 3363 937 3434 dem
957 3365 1006 3436 fi
1027 3369 1277 3461 copula
1285 3368 1894 3462 adderetur,totam
1912 3370 2235 3443 orationis
2254 3371 2569 3444 venusta-

780 3478 924 3537 tem
954 3479 1482 3561 corrumperet,
1531 3486 1612 3542 ut
1644 3469 1720 3546 in
1748 3466 1873 3543 illo
1905 3466 2264 3544 Ciceronis
2296 3520 2323 3562 ,
2370 3470 2573 3562 abiit,

2294 3566 2572 3664 excfft‚
